2362 3392
1874 262 1984 304 1975

140 463 304 505 Datum
327 468 484 504 xvlJm0·
505 461 573 503 die
594 460 818 518 Februarij
844 477 956 504 anno
979 463 1122 519 Regni
1153 463 1380 507 EDWARDI
1417 464 1538 508 Sexti
1571 466 1655 509 Dei
1686 467 1826 523 gratia
1856 468 2039 511 ANGLOE

84 553 321 595 FRAUNcm
344 555 386 593 ef,
407 550 650 593 HmERmE
673 550 808 607 Regis
828 552 927 595 fidei
953 553 1200 597 deffensoris
1223 570 1270 598 ao
1291 557 1335 598 in
1360 559 1470 599 terra
1495 557 1665 599 ecclesie
1694 558 1966 601 ANGLICANE
1997 564 2040 602 et

83 643 348 686 HIBERNICE
372 643 558 698 supremi
579 642 729 699 eapitis
758 643 908 698 primo.

140 733 435 776 Endorsed-‘
453 732 702 789 sigillatum
732 736 775 775 et
805 734 1088 778 deliberatum
1118 740 1182 779 est
1213 736 1290 780 hoo
1321 752 1491 793 presens
1521 739 1727 794 scriptum
1749 739 1793 781 in
1816 741 2035 796 presencia

84 823 114 867 J
116 824 239 867 evani
280 838 334 880 ap
374 823 567 880 Phelype
615 857 622 865 .
668 823 883 880 Hopkyni
914 840 967 881 ap
999 825 1141 868 Jeuan
1186 843 1240 883 ap
1282 828 1415 871 Hoell
1457 844 1511 885 ap
1552 829 1750 886 Hopkyn
1784 864 1792 872 .
1826 830 1953 874 Ll'en
1984 847 2038 888 ap

85 915 201 958 Gl'm
223 915 409 972 Morgan
444 949 452 957 .
486 915 516 958 J
518 914 698 957 ohannis
748 915 888 971 eryn
939 932 993 972 ap
1042 917 1176 960 Hoell
1221 934 1274 974 ap
1319 919 1436 962 John
1497 953 1506 963 .
1570 923 1613 963 et
1665 921 1855 977 Hullyn'
1904 921 1933 965 J
1936 922 2035 965 ohn'

85 1006 270 1050 Thomas
290 1022 344 1063 ap
366 1006 564 1063 Hopkyn
598 1040 606 1048 .
640 1021 737 1049 cum
757 1007 905 1049 multis
926 1008 1051 1050 aliis.'

140 1098 275 1140 Small
296 1097 394 1149 seal,
416 1098 490 1139 red
511 1112 605 1139 wax
623 1112 632 1139 ε
667 1112 692 1139 a
712 1097 1054 1142 double-headed
1076 1101 1197 1156 eagle
1219 1101 1454 1157 displayed.

898 1324 1228 1368 MOGOXOIX.

79 1429 474 1474 ENROLMENT
534 1430 613 1473 OF
672 1430 802 1474 THE
882 1431 1214 1476 OHARTERS
1276 1434 1354 1476 OF
1414 1435 1645 1479 HENRY
1706 1436 1877 1480 EARL
1949 1437 2026 1480 OF

222 1519 603 1564 WORGESTER
653 1521 721 1564 SO
773 1521 900 1564 ΕΑΒ,
940 1521 1014 1565 AS
1068 1523 1351 1568 RELATES
1399 1525 1475 1568 TO
1518 1525 1648 1568 THE
1691 1526 1907 1570 ABBEY
1948 1527 2026 1570 OF

227 1612 503 1655 MARGAM
545 1612 679 1655 AND
722 1612 852 1655 THE
896 1613 1134 1657 PRIORY
1175 1615 1253 1657 OF
1294 1615 1591 1660 EWENNY.

927 1720 999 1778 [P.
1033 1721 1086 1765 R.
1122 1721 1196 1779 0.]

1143 1814 1195 1855 10
1227 1813 1409 1857 MARCH.
1476 1816 1497 1857 l
1532 1815 1658 1858 Enw.
1694 1815 1775 1860 VI.
1849 1818 1972 1860 1547.

141 1918 402 1960 EDWARDUS
442 1922 585 1961 sextus
626 1919 710 1961 Dei
749 1919 890 1975 gratia
930 1920 1113 1962 ANGLIE
1157 1921 1360 1963 FRANcm
1411 1925 1453 1965 et
1504 1922 1744 1965 HIBERNIE
1787 1924 1884 1967 Rex
1934 1926 2033 1968 fidei

83 2009 279 2052 defensor
306 2014 346 2052 et
374 2010 420 2051 in
448 2013 560 2052 terra
580 2009 749 2052 eoelesie
770 2009 1043 2052 ANGLICANE
1066 2014 1109 2054 et
1130 2011 1396 2055 HIBERNICE
1419 2028 1664 2069 supremum
1686 2021 1813 2071 eaput
1835 2016 2032 2059 omnibus

82 2100 136 2141 ad
176 2114 280 2155 quos
312 2102 526 2155 presentes
565 2099 687 2142 litere
727 2101 998 2155 pervenerint
1039 2102 1231 2144 salutem.
1315 2103 1587 2160 Inspeximus
1627 2105 1739 2147 inter
1778 2107 1950 2149 recorda
1991 2111 2033 2150 et

81 2190 404 2232 irrotulamenta
439 2190 552 2232 curie
583 2192 988 2246 augmentaoionum
1025 2196 1067 2234 etz
1094 2194 1393 2236 reveneionum
1419 2209 1582 2237 eoronae
1613 2199 1768 2239 nostrae
1795 2198 2026 2253 quoddam¹

81 2281 296 2323 decretum
328 2295 403 2336 per
438 2281 736 2324 cancellarium
769 2287 810 2324 et
846 2283 1064 2338 generales
1100 2285 1382 2339 supervisores
1416 2285 1610 2341 ejusdem
1643 2287 1757 2329 curie
1790 2287 1952 2330 factum
1985 2288 2030 2330 in

81 2371 172 2414 haee
206 2371 361 2414 verba:
394 2375 404 2395 ‘
419 2371 750 2415 Memorandum
784 2374 897 2428 quod
928 2373 1110 2415 termino
1142 2373 1288 2417 Sancti
1319 2375 1515 2418 HILARH
1547 2377 1743 2420 videlieet
1775 2378 1937 2420 decimo
1963 2379 2031 2420 die

82 2461 306 2505 Februarii
338 2478 450 2505 anno
482 2463 606 2519 regni
637 2463 816 2505 Domini
848 2463 1073 2506 EDWARDI
1112 2465 1220 2507 sexti
1251 2466 1335 2508 Dei
1365 2467 1505 2522 gratia
1535 2467 1720 2510 ANGLOE
1752 2468 1957 2510 FRANcm
1988 2472 2031 2512 et

83 2552 346 2595 HIBERNICE
375 2553 509 2611 Regis
538 2554 639 2596 fidei
669 2554 903 2597 defensoris
933 2571 981 2598 ae
1011 2555 1056 2597 in
1082 2559 1194 2598 terra
1218 2558 1388 2600 ecelesie
1409 2558 1681 2601 ANGLICANE
1703 2563 1745 2601 et
1766 2559 2029 2602 HIBERNICE

80 2644 265 2699 supremi
299 2645 448 2700 eapitis
480 2645 616 2701 primo
654 2645 895 2688 HEchns
931 2661 1068 2689 comes
1089 2646 1340 2690 WIGORNIE
1363 2649 1481 2691 venit
1510 2649 1557 2691 in
1584 2650 1745 2692 curiam
1775 2654 2025 2707 augmenta-

80 2733 247 2777 tionum
286 2738 329 2777 et
378 2735 677 2779 reveneionum
716 2751 866 2779 corone
915 2738 1032 2793 regie
1072 2741 1115 2780 et
1155 2740 1332 2794 protulit
1373 2739 1532 2782 ibidem
1573 2742 1788 2796 quoddam
1825 2742 2028 2798 scriptum

81 2824 336 2881 subsequens
357 2828 398 2868 et
419 2826 543 2881 petiit
564 2826 674 2868 illud
695 2826 867 2870 auocari
889 2830 930 2869 et
952 2829 1168 2871 irrotulari
1189 2829 1257 2886 cuj
1264 2845 1312 2872 us
1334 2830 1505 2886 quidem
1527 2830 1673 2887 scripti
1693 2833 1815 2874 tenor
1835 2833 2026 2887 sequitur

80 2918 123 2957 et
142 2916 389 2958 irrotulatur
415 2916 461 2958 in
486 2916 562 2959 heo
588 2916 716 2959 verba
731 2917 814 2961 :—-'
869 2951 2025 2965 ...........................

81 3038 2026 3056 οοοοοοοοοοοοοοοοοοοοοοοοοοοοοοοοοοοοοοοοοοοοο
