2362 3392
1968 253 2078 294 1895

177 460 376 503 MORGAN
407 476 543 503 unum
573 463 866 503 tenementum
893 476 1029 516 nuper
1052 461 1098 502 in
1128 460 1325 503 manibus
1345 460 1445 502 DYo
1465 475 1518 516 ap
1547 459 1745 503 GWELIM
1766 463 1807 502 et
1829 474 1917 502 una
1938 460 2120 515 parcella

179 551 264 606 (sic)
293 554 404 593 terra
435 554 582 593 vocata
613 551 820 594 GWERNE
852 565 1069 593 MANACHE
1097 566 1172 607 per
1196 567 1291 594 suas
1320 552 1515 607 antiquas
1543 553 1676 593 metas
1697 554 1738 592 et
1759 549 1936 592 bundas.
2000 550 2114 592 Red-

175 642 313 684 dendo
343 642 443 683 inde
472 643 696 684 annuatim
717 649 789 684 IXS·
819 642 897 684 ντὶ·
923 643 978 684 ad
997 641 1156 686 festum
1176 641 1322 684 Sancti
1354 641 1611 684 MICHAELIS
1641 641 1775 683 silicet
1800 642 1886 696 (sic)
1913 648 1983 683 1x³·
2014 640 2120 682 IHJd·

176 746 251 787 pro
273 731 384 773 dicto
413 735 656 774 tenemento
678 735 718 774 et
749 747 824 788 pro
847 732 1053 775 GWERNE
1084 732 1316 774 MANACHE
1348 733 1415 774 md·
1468 732 1534 774 Ac
1564 733 1693 774 etiam
1713 734 1914 788 ceperunt
1935 732 1987 773 de
2008 731 2119 773 dicto

172 821 343 864 domino
364 837 496 864 unam
526 823 753 877 parcellam
784 826 893 865 terre
924 823 1066 865 vacuis
1091 824 1177 878 (δίο)
1213 826 1333 865 extra
1363 822 1559 865 manibus
1590 822 1829 865 tenentium
1858 822 1904 864 in
1925 823 2014 864 loco
2037 821 2110 877 qui

171 916 344 955 vocatur
383 912 549 956 KREYG
591 928 680 956 CUM
723 913 957 956 ermLYME
994 914 1046 957 ab
1087 914 1320 956 oxidentali
1360 914 1444 956 fine
1484 929 1641 970 magna
1680 914 1873 956 clausura
1913 928 2026 955 nunc
2066 913 2111 954 in

175 1003 371 1046 manibus
401 1004 713 1061 LLE[WELY]N
746 1005 856 1047 TEw
886 1020 1018 1061 usque
1039 1006 1093 1047 ad
1115 1005 1337 1047 'I'RoscoLL
1359 1008 1400 1047 et
1430 1020 1455 1046 a
1485 1004 1709 1047 TROSCOLL
1739 1019 1871 1060 usque
1902 1005 1955 1046 ad
1986 1004 2117 1046 altam

171 1094 286 1137 viam
321 1111 402 1151 que
435 1095 553 1137 vadit
586 1097 640 1138 ad
671 1096 861 1138 FONNON
894 1095 1019 1138 Gom
1055 1099 1097 1138 et
1130 1112 1154 1138 a
1191 1095 1382 1138 FONNON
1417 1095 1543 1138 Gom
1574 1111 1708 1152 usque
1742 1096 1797 1137 ad
1826 1095 1992 1137 MONTE
2024 1109 2114 1137 CUM

173 1185 409 1229 GWELYME
446 1187 519 1242 qui
555 1187 675 1229 vadit
715 1202 846 1242 usque
881 1188 936 1229 ad
970 1191 1261 1229 tenementum
1298 1186 1536 1228 GWELYME
1573 1186 1852 1228 GREFFYTHE
1895 1185 2033 1228 HYDE
2071 1190 2112 1228 et

176 1276 387 1320 JANKYNS
417 1276 696 1320 GREFFYTHE
718 1277 857 1319 HYDE
887 1280 929 1320 et
956 1277 1009 1319 ab
1029 1277 1114 1319 illis
1134 1292 1266 1332 usque
1296 1278 1351 1319 ad
1381 1280 1673 1319 tenementum
1702 1277 1854 1319 DAvm
1876 1292 1929 1332 ap
1961 1276 1989 1319 J
1993 1292 2115 1319 EUAN

172 1382 226 1422 ap
262 1367 402 1409 RHEs.
465 1368 701 1410 Reddendo
732 1368 831 1410 inde
864 1368 942 1410 de·
1020 1367 1286 1410 Habendum
1316 1374 1357 1410 et
1390 1368 1624 1410 tenendum
1654 1367 1796 1410 omnia
1827 1367 2028 1423 premissa
2059 1368 2114 1410 ad

175 1459 406 1500 terminum
426 1458 511 1500 vite
532 1473 676 1500 eorum
697 1473 770 1500 seu
792 1459 918 1500 unius
938 1473 1084 1501 eorum
1105 1459 1269 1500 diucius
1290 1459 1484 1501 viventis.
1546 1458 1606 1500 Et
1636 1458 1792 1501 debent
1823 1462 1978 1501 sectam
1999 1459 2111 1501 curie

174 1548 239 1591 bis
273 1549 319 1590 in
352 1563 464 1591 anno
498 1549 654 1591 scilicet
684 1549 738 1591 ad
770 1549 1002 1591 terminum
1032 1548 1290 1591 MICHAELIS
1325 1552 1367 1592 et
1399 1549 1684 1592 HOCKEDAYE
1715 1553 1756 1591 et
1788 1549 1998 1592 herietum
2018 1564 2114 1592 cum

169 1639 366 1682 acciderit
396 1644 489 1694 post
519 1640 693 1682 alterius
725 1640 942 1682 decessum
973 1644 1014 1682 et
1045 1641 1119 1682 dat
1149 1640 1321 1683 domino
1351 1656 1426 1696 pro
1447 1641 1583 1696 primo
1603 1641 1797 1697 ingressu
1819 1648 1891 1683 VJS·
1923 1642 2041 1682 vuffl-
2066 1644 2111 1683 et

167 1733 311 1786 postea
331 1745 406 1785 pro
428 1730 617 1785 quolibet
638 1730 833 1786 ingressu
856 1731 933 1772 VJ'l·
960 1738 1002 1773 et
1032 1731 1090 1773 sic
1120 1731 1280 1774 habent
1310 1731 1409 1774 inde
1440 1732 1637 1774 seisinam
1657 1747 1704 1774 ac
1725 1731 1916 1774 fecerunt
1937 1732 2109 1774 domino

170 1820 432 1863 fidelitatem.
494 1820 550 1863 In
581 1821 704 1877 cujus
734 1822 795 1864 rei
824 1822 1115 1864 testimonium
1146 1823 1338 1878 sigillum
1368 1822 1471 1865 dicti
1501 1823 1717 1865 senescalli
1752 1822 2017 1878 presentibus
2053 1826 2115 1864 est

173 1926 418 1967 appensum.

229 2001 392 2044 Datum
412 2003 480 2045 die
501 2003 590 2045 loco
613 2006 655 2045 et
675 2018 837 2045 annum
860 2004 1124 2059 supradictis.

228 2092 363 2135 Small
383 2094 535 2150 signet,
558 2094 632 2137 red
653 2109 748 2136 wax
765 2110 774 2136 :
809 2110 833 2136 a
853 2095 1123 2137 two-headed
1144 2095 1277 2151 eagle‚
1300 2095 1533 2150 displayed.

1004 2336 1288 2380 MOOOLVI.

170 2433 326 2476 SALE
395 2434 482 2476 BY
545 2434 836 2478 WILLIAM
906 2436 1222 2489 HERBERT,
1284 2437 1574 2489 ESQUIRh‘L
1645 2437 1721 2480 TO
1791 2437 1892 2480 SIR
1962 2437 2104 2479 RISE

313 2524 687 2577 MAUNXELL,
739 2526 900 2579 KNT„
951 2527 1074 2570 FOR
1114 2528 1240 2570 TEN
1280 2528 1542 2582 POUNDS,
1585 2529 1662 2572 OF
1704 2528 1834 2572 THE
1874 2528 2106 2572 MANOR

314 2615 391 2657 OF
431 2615 766 2660 BOVERTON
806 2618 940 2661 AND
981 2618 1026 2661 A
1065 2618 1467 2663 WATERMILL.

863 2717 1093 2774 [MARGAM
1129 2717 1380 2774 CHARTER]

1141 2810 1196 2851 28
1232 2809 1414 2852 MARCH.
1477 2811 1533 2852 27
1566 2810 1689 2854 HEN.
1724 2811 1859 2854 VIII.
1923 2812 2046 2854 1536.

226 2895 434 2939 Omnibus
465 2896 652 2939 Gnmsn
683 2897 879 2941 fidelibus
909 2900 963 2941 ad
994 2914 1098 2955 quos
1128 2915 1298 2956 presens
1327 2901 1531 2957 scriptum
1560 2902 1796 2957 pervenerit
1819 2901 2102 2945 W1LLELMUS

166 2984 392 3028 HERBERT
413 2987 599 3043 armiger
619 2988 799 3031 salutem
820 2989 866 3031 in
888 2989 1075 3033 Domino
1097 2991 1410 3047 sempiternam.
