2362 3392
341 224 452 266 1648

276 430 390 484 apud
413 429 701 472 CONSTABILL'
723 445 773 472 Ys
792 445 944 473 DOUNE
965 431 1011 472 in
1031 430 1156 473 feodo
1186 432 1239 473 de
1269 430 1634 476 OYsTERMOUTH'.
1693 431 1959 475 Habendum
1990 434 2034 475 et
2066 435 2214 475 tenen-

275 519 379 561 dum
399 522 537 562 totum
557 520 665 562 illud
685 523 976 563 tenementum
997 535 1093 563 cum
1114 520 1310 563 omnibus
1326 521 1412 564 suis
1426 523 1697 577 pertinenciis
1712 522 1889 579 prefatis
1903 522 1934 566 J
1935 537 2028 565 ΛΚΕ
2042 522 2213 566 GAMAN

272 613 314 651 et
347 609 636 653 MARGARETE
661 611 783 653 uxori
809 626 883 653 sue
915 614 957 654 et
988 611 1212 654 ISABELLE
1239 611 1325 654 filie
1353 627 1498 655 eorum
1530 614 1585 656 ad
1611 613 1843 656 terminum
1878 613 1964 656 vite
1993 628 2139 656 eorum
2167 617 2210 656 et

272 714 418 742 eorum
456 701 676 756 utriusque
716 701 880 744 diucius
920 702 1113 744 viventis.
1194 701 1431 745 Reddendo
1469 703 1570 745 inde
1610 703 1835 746 annuatim
1874 703 2004 746 michi
2043 704 2210 760 prefato

271 788 496 833 PHILIPPO
518 794 560 834 et
579 791 804 835 heredibus
823 792 929 835 meis
949 792 1160 835 sexdecim
1181 793 1334 835 solidos
1355 794 1410 835 ad
1429 793 1539 836 festa
1554 793 1715 836 Pasche
1732 797 1774 836 et
1790 793 1935 836 Sancti
1950 794 2210 837 Mmmnms

269 880 512 937 archangeli
546 897 620 937 per
655 883 824 938 equales
858 883 1076 939 porciones
1107 917 1114 926 .
1149 883 1210 925 Et
1249 898 1325 939 pro
1359 883 1624 939 justamento
1657 885 1895 927 averiorum
1927 900 2099 928 suorum
2130 888 2216 928 tres

265 972 420 1015 solidos
460 973 680 1016 solvendos
719 975 774 1016 ad
815 974 1034 1030 quodlibet
1073 974 1232 1017 festum
1265 975 1505 1016 nativitatis
1539 974 1687 1018 Sancti
1719 975 1749 1018 J
1751 989 1951 1018 oHANNIS
1986 976 2210 1018 BAPnsm

263 1063 485 1105 annuatim
507 1067 549 1106 et
576 1079 711 1106 unum
741 1065 901 1107 animal
928 1065 996 1107 vel
1023 1065 1159 1108 decim
1187 1065 1340 1107 solidos
1366 1079 1442 1120 pro
1469 1065 1629 1108 herieto
1662 1080 1759 1107 cum
1790 1066 1982 1122 legitime
2010 1066 2209 1109 acciderit

261 1157 356 1209 post
377 1155 591 1197 decessum
612 1155 841 1211 cujuslibet
861 1170 1006 1198 eorum
1026 1171 1102 1212 pro
1133 1155 1329 1198 omnibus
1355 1156 1449 1198 aliis
1476 1155 1659 1198 serviciis
1684 1159 1726 1198 et
1751 1156 1984 1198 domandis.
2047 1156 2108 1198 Et
2128 1171 2208 1213 ego

260 1260 358 1287 vero
378 1246 591 1300 predictus
618 1245 870 1289 Pmmppcs
900 1246 1074 1289 heredes
1107 1250 1150 1289 et
1177 1247 1383 1303 assignati
1410 1246 1494 1288 mei
1523 1249 1663 1289 totum
1690 1246 1799 1288 fflud
1826 1246 2067 1302 predictum
2090 1250 2207 1290 tene-

258 1340 453 1379 mentum
488 1352 584 1379 cum
617 1337 812 1380 omnibus
840 1338 925 1380 suis
948 1338 1221 1394 pertinenciis
1256 1338 1423 1394 prefato
1458 1337 1488 1380 J
1490 1352 1607 1379 ACKE
1643 1337 1813 1380 GAMAN
1847 1342 1890 1380 et
1920 1337 2209 1380 MARGARETE

257 1428 379 1469 uxori
400 1443 473 1470 sue
494 1432 537 1470 et
557 1427 779 1470 ISABELLE
799 1429 885 1470 filie
906 1429 1138 1471 eorundem
1158 1430 1213 1470 ad
1233 1429 1464 1471 terminum
1484 1429 1571 1470 vite
1593 1443 1739 1471 eorum
1761 1432 1803 1471 et
1825 1443 1971 1471 eorum
1984 1429 2206 1486 utriusque

254 1519 420 1561 diucius
440 1520 622 1562 viventis
651 1553 660 1563 .
694 1524 839 1563 contra
871 1535 1015 1563 omnes
1050 1524 1199 1577 gentes
1230 1520 1600 1563 warantizabimus
1635 1523 1677 1562 et
1708 1520 2024 1576 imperpetuum
2058 1521 2205 1564 defen-

254 1611 415 1652 demus.
478 1609 534 1652 In
556 1610 678 1666 cujus
698 1611 759 1653 rei
779 1612 1071 1654 testimonium
1091 1611 1189 1654 huic
1205 1611 1390 1667 presenti
1412 1615 1523 1654 carte
1539 1626 1631 1654 mee
1647 1611 1838 1668 sigillum
1851 1626 1995 1653 meum
2014 1611 2203 1667 apposui.

255 1701 358 1743 Hiis
377 1701 556 1744 testibus
590 1735 598 1744 .
630 1702 660 1745 J
663 1716 849 1744 OHANNE
882 1701 1152 1745 MAUNCELL’
1177 1702 1423 1745 .H1-:NR1co
1445 1702 1630 1745 CROMPP
1664 1736 1673 1745 .
1705 1702 1910 1744 RICARDO
1936 1701 2132 1744 PERKYN
2163 1705 2205 1746 et

255 1793 403 1835 multis
425 1793 530 1836 aliis.

312 1883 476 1926 Datum
526 1885 640 1940 apud
686 1884 892 1927 Oxwmn'
933 1885 1062 1928 tercio
1103 1885 1171 1927 die
1211 1885 1367 1928 mensis
1406 1884 1585 1940 Aprilis¹
1621 1899 1733 1926 anno
1772 1884 1896 1926 renni
1942 1884 2029 1939 (sic)
2069 1884 2205 1941 Regis

257 1974 462 2017 Hmmm
485 1976 593 2018 sexti
613 1979 707 2032 post
729 1979 1004 2031 conquestum
1026 1982 1140 2018 XLmO·

314 2066 448 2109 Small
470 2067 624 2123 signet,
645 2068 720 2110 red
740 2082 847 2119 wax,
870 2083 895 2109 a
915 2068 1108 2110 crowned
1130 2070 1139 2088 ‘
1156 2066 1221 2109 P.’

318 2157 365 2195 (1)
389 2157 458 2186 The
472 2158 634 2187 accession
650 2159 683 2187 of
698 2157 836 2187 Edward
853 2157 912 2188 1V.
928 2167 969 2188 on
984 2160 1002 2186 4
1018 2158 1139 2187 March.
1157 2159 1242 2195 1461,
1258 2157 1320 2186 had
1337 2157 1530 2195 apparently
1552 2163 1610 2186 not
1631 2157 1711 2186 been
1733 2157 1922 2186 announced
1945 2157 1975 2186 in
2000 2157 2194 2187 Gowerland

269 2219 302 2241 at
318 2212 384 2241 this
399 2213 483 2242 date.
