<?xml version="1.0" encoding="UTF-8"?>
<!DOCTYPE html PUBLIC "-//W3C//DTD XHTML 1.0 Transitional//EN"
    "http://www.w3.org/TR/xhtml1/DTD/xhtml1-transitional.dtd">
<html xmlns="http://www.w3.org/1999/xhtml" xml:lang="en" lang="en">
 <head>
  <title>
</title>
<meta http-equiv="Content-Type" content="text/html;charset=utf-8" />
  <meta name='ocr-system' content='tesseract 3.04.00' />
  <meta name='ocr-capabilities' content='ocr_page ocr_carea ocr_par ocr_line ocrx_word'/>
</head>
<body>
  <div class='ocr_page' id='page_1' title='image "./cartaeetaliamuni05claruoft/cartaeetaliamuni05claruoft_0053.png"; bbox 0 0 2362 3392; ppageno 0'>
   <div class='ocr_carea' id='block_1_1' title="bbox 1951 229 2062 272">
    <p class='ocr_par' dir='ltr' id='par_1_1' title="bbox 1951 229 2062 272">
     <span class='ocr_line' id='line_1_1' title="bbox 1951 229 2062 272; baseline -0.009 0"><span class='ocrx_word' id='word_1_1' title='bbox 1951 229 2062 272; x_wconf 83' lang='lat'>1675</span> 
     </span>
    </p>
   </div>
   <div class='ocr_carea' id='block_1_2' title="bbox 998 617 1287 661">
    <p class='ocr_par' dir='ltr' id='par_1_2' title="bbox 998 617 1287 661">
     <span class='ocr_line' id='line_1_2' title="bbox 998 617 1287 661; baseline 0.003 -1"><span class='ocrx_word' id='word_1_2' title='bbox 998 617 1287 661; x_wconf 64' lang='lat' dir='ltr'>MOOXIXA.</span> 
     </span>
    </p>
   </div>
   <div class='ocr_carea' id='block_1_3' title="bbox 170 723 2119 863">
    <p class='ocr_par' dir='ltr' id='par_1_3' title="bbox 170 723 2119 863">
     <span class='ocr_line' id='line_1_3' title="bbox 170 723 2119 781; baseline -0.001 -9"><span class='ocrx_word' id='word_1_3' title='bbox 170 723 548 772; x_wconf 79' lang='lat' dir='ltr'><strong>QUIT-OLAIM</strong></span> <span class='ocrx_word' id='word_1_4' title='bbox 598 724 686 767; x_wconf 89' lang='lat' dir='ltr'>BY</span> <span class='ocrx_word' id='word_1_5' title='bbox 737 724 988 768; x_wconf 81' lang='lat' dir='ltr'>ROBERT</span> <span class='ocrx_word' id='word_1_6' title='bbox 1039 725 1207 769; x_wconf 83' lang='lat' dir='ltr'><strong>VELE</strong></span> <span class='ocrx_word' id='word_1_7' title='bbox 1267 726 1343 770; x_wconf 89' lang='grc' dir='ltr'>ΤΟ</span> <span class='ocrx_word' id='word_1_8' title='bbox 1394 726 1598 772; x_wconf 79' lang='lat' dir='ltr'>LEWIS</span> <span class='ocrx_word' id='word_1_9' title='bbox 1658 727 1979 781; x_wconf 72' lang='lat' dir='ltr'>RAGLAND,</span> <span class='ocrx_word' id='word_1_10' title='bbox 2041 728 2119 771; x_wconf 85' lang='lat' dir='ltr'>OF</span> 
     </span>
     <span class='ocr_line' id='line_1_4' title="bbox 297 814 2023 863; baseline 0.003 -6"><span class='ocrx_word' id='word_1_11' title='bbox 297 814 500 858; x_wconf 76' lang='lat' dir='ltr'><strong>RIGHT</strong></span> <span class='ocrx_word' id='word_1_12' title='bbox 540 814 613 857; x_wconf 92' lang='lat' dir='ltr'>IN</span> <span class='ocrx_word' id='word_1_13' title='bbox 653 814 1020 860; x_wconf 75' lang='lat' dir='ltr'>MESSUAGES</span> <span class='ocrx_word' id='word_1_14' title='bbox 1060 816 1196 859; x_wconf 92' lang='lat' dir='ltr'>AND</span> <span class='ocrx_word' id='word_1_15' title='bbox 1246 817 1455 861; x_wconf 84' lang='lat' dir='ltr'><strong>LANDS</strong></span> <span class='ocrx_word' id='word_1_16' title='bbox 1495 817 1569 862; x_wconf 92' lang='lat' dir='ltr'>IN</span> <span class='ocrx_word' id='word_1_17' title='bbox 1608 817 2023 863; x_wconf 78' lang='lat' dir='ltr'><strong>LESWRONNY.</strong></span> 
     </span>
    </p>
   </div>
   <div class='ocr_carea' id='block_1_4' title="bbox 947 923 2062 1079">
    <p class='ocr_par' dir='ltr' id='par_1_4' title="bbox 947 923 2062 1079">
     <span class='ocr_line' id='line_1_5' title="bbox 947 923 1349 982; baseline 0.005 -16"><span class='ocrx_word' id='word_1_18' title='bbox 947 923 1018 980; x_wconf 83' lang='lat' dir='ltr'>[T.</span> <span class='ocrx_word' id='word_1_19' title='bbox 1052 924 1349 982; x_wconf 61' lang='lat' dir='ltr'>FRANKLEN]</span> 
     </span>
     <span class='ocr_line' id='line_1_6' title="bbox 1262 1033 2062 1079; baseline 0.004 -4"><span class='ocrx_word' id='word_1_20' title='bbox 1262 1034 1314 1075; x_wconf 88' lang='grc'><strong>10</strong></span> <span class='ocrx_word' id='word_1_21' title='bbox 1345 1033 1509 1077; x_wconf 81' lang='lat' dir='ltr'>APRIL.</span> <span class='ocrx_word' id='word_1_22' title='bbox 1572 1034 1598 1075; x_wconf 87' lang='grc'>8</span> <span class='ocrx_word' id='word_1_23' title='bbox 1629 1034 1757 1078; x_wconf 79' lang='lat' dir='ltr'>Enw.</span> <span class='ocrx_word' id='word_1_24' title='bbox 1790 1034 1872 1079; x_wconf 77' lang='lat' dir='ltr'>IV.</span> <span class='ocrx_word' id='word_1_25' title='bbox 1937 1036 2062 1078; x_wconf 85' lang='lat'>1468.</span> 
     </span>
    </p>
   </div>
   <div class='ocr_carea' id='block_1_5' title="bbox 165 1139 2125 2659">
    <p class='ocr_par' dir='ltr' id='par_1_5' title="bbox 165 1139 2125 2545">
     <span class='ocr_line' id='line_1_7' title="bbox 228 1139 2121 1195; baseline 0.002 -12"><span class='ocrx_word' id='word_1_26' title='bbox 228 1139 441 1183; x_wconf 87' lang='lat' dir='ltr'>Noverint</span> <span class='ocrx_word' id='word_1_27' title='bbox 480 1139 668 1182; x_wconf 86' lang='lat' dir='ltr'>universi</span> <span class='ocrx_word' id='word_1_28' title='bbox 708 1154 783 1195; x_wconf 91' lang='lat' dir='ltr'>per</span> <span class='ocrx_word' id='word_1_29' title='bbox 823 1142 1053 1194; x_wconf 68' lang='lat' dir='ltr'>praesentes</span> <span class='ocrx_word' id='word_1_30' title='bbox 1093 1155 1161 1183; x_wconf 90' lang='lat' dir='ltr'>me</span> <span class='ocrx_word' id='word_1_31' title='bbox 1203 1140 1458 1184; x_wconf 77' lang='lat' dir='ltr'>ROBERTUM</span> <span class='ocrx_word' id='word_1_32' title='bbox 1494 1141 1626 1185; x_wconf 80' lang='lat' dir='ltr'>VELE</span> <span class='ocrx_word' id='word_1_33' title='bbox 1663 1143 1801 1186; x_wconf 86' lang='lat' dir='ltr'>filium</span> <span class='ocrx_word' id='word_1_34' title='bbox 1833 1147 1877 1187; x_wconf 88' lang='lat' dir='ltr'>et</span> <span class='ocrx_word' id='word_1_35' title='bbox 1908 1143 2121 1187; x_wconf 86' lang='lat' dir='ltr'>haeredem</span> 
     </span>
     <span class='ocr_line' id='line_1_8' title="bbox 170 1230 2124 1292; baseline 0.003 -18"><span class='ocrx_word' id='word_1_36' title='bbox 170 1231 199 1274; x_wconf 85' lang='lat' dir='ltr'>J</span> <span class='ocrx_word' id='word_1_37' title='bbox 202 1245 402 1274; x_wconf 83' lang='lat' dir='ltr'>OHANNIS</span> <span class='ocrx_word' id='word_1_38' title='bbox 421 1231 552 1274; x_wconf 82' lang='lat' dir='ltr'>VELE</span> <span class='ocrx_word' id='word_1_39' title='bbox 572 1230 780 1273; x_wconf 86' lang='lat' dir='ltr'>remisisse</span> <span class='ocrx_word' id='word_1_40' title='bbox 801 1233 844 1272; x_wconf 84' lang='lat' dir='ltr'>et</span> <span class='ocrx_word' id='word_1_41' title='bbox 863 1230 1073 1272; x_wconf 80' lang='lat' dir='ltr'>relaxasse</span> <span class='ocrx_word' id='word_1_42' title='bbox 1093 1245 1141 1273; x_wconf 85' lang='lat' dir='ltr'>ao</span> <span class='ocrx_word' id='word_1_43' title='bbox 1161 1245 1237 1287; x_wconf 91' lang='lat' dir='ltr'>pro</span> <span class='ocrx_word' id='word_1_44' title='bbox 1258 1246 1326 1273; x_wconf 91' lang='lat' dir='ltr'>me</span> <span class='ocrx_word' id='word_1_45' title='bbox 1347 1234 1390 1274; x_wconf 87' lang='lat' dir='ltr'>et</span> <span class='ocrx_word' id='word_1_46' title='bbox 1419 1232 1659 1276; x_wconf 72' lang='lat' dir='ltr'>haeredibus</span> <span class='ocrx_word' id='word_1_47' title='bbox 1678 1234 1783 1277; x_wconf 87' lang='lat' dir='ltr'>meis</span> <span class='ocrx_word' id='word_1_48' title='bbox 1802 1235 1848 1277; x_wconf 91' lang='lat' dir='ltr'>in</span> <span class='ocrx_word' id='word_1_49' title='bbox 1869 1238 2124 1292; x_wconf 89' lang='lat' dir='ltr'>perpetuum</span> 
     </span>
     <span class='ocr_line' id='line_1_9' title="bbox 169 1320 2123 1383; baseline 0.003 -18"><span class='ocrx_word' id='word_1_50' title='bbox 169 1323 363 1379; x_wconf 76' lang='lat' dir='ltr'>quietum</span> <span class='ocrx_word' id='word_1_51' title='bbox 393 1322 594 1364; x_wconf 81' lang='lat' dir='ltr'>clamasse</span> <span class='ocrx_word' id='word_1_52' title='bbox 624 1320 858 1364; x_wconf 78' lang='lat' dir='ltr'>LUDovmo</span> <span class='ocrx_word' id='word_1_53' title='bbox 891 1320 1115 1363; x_wconf 77' lang='lat' dir='ltr'><strong>RAGLAND</strong></span> <span class='ocrx_word' id='word_1_54' title='bbox 1145 1321 1386 1366; x_wconf 70' lang='lat' dir='ltr'>haeredibus</span> <span class='ocrx_word' id='word_1_55' title='bbox 1416 1328 1459 1366; x_wconf 85' lang='lat' dir='ltr'>et</span> <span class='ocrx_word' id='word_1_56' title='bbox 1489 1325 1716 1381; x_wconf 81' lang='lat' dir='ltr'>assignatis</span> <span class='ocrx_word' id='word_1_57' title='bbox 1756 1327 1843 1369; x_wconf 86' lang='lat' dir='ltr'>suis</span> <span class='ocrx_word' id='word_1_58' title='bbox 1882 1329 2021 1369; x_wconf 88' lang='lat' dir='ltr'>totum</span> <span class='ocrx_word' id='word_1_59' title='bbox 2051 1327 2123 1383; x_wconf 86' lang='lat' dir='ltr'>jus</span> 
     </span>
     <span class='ocr_line' id='line_1_10' title="bbox 169 1411 2124 1471; baseline 0.003 -16"><span class='ocrx_word' id='word_1_60' title='bbox 169 1428 313 1455; x_wconf 91' lang='lat' dir='ltr'>meum</span> <span class='ocrx_word' id='word_1_61' title='bbox 334 1413 510 1454; x_wconf 85' lang='lat' dir='ltr'>titulum</span> <span class='ocrx_word' id='word_1_62' title='bbox 533 1414 692 1455; x_wconf 84' lang='lat' dir='ltr'>statum</span> <span class='ocrx_word' id='word_1_63' title='bbox 714 1415 756 1454; x_wconf 89' lang='lat' dir='ltr'>et</span> <span class='ocrx_word' id='word_1_64' title='bbox 777 1412 986 1454; x_wconf 81' lang='lat' dir='ltr'>olameum</span> <span class='ocrx_word' id='word_1_65' title='bbox 1007 1426 1102 1467; x_wconf 87' lang='lat' dir='ltr'>quae</span> <span class='ocrx_word' id='word_1_66' title='bbox 1122 1411 1257 1455; x_wconf 85' lang='lat' dir='ltr'>habeo</span> <span class='ocrx_word' id='word_1_67' title='bbox 1277 1413 1409 1456; x_wconf 87' lang='lat' dir='ltr'>habui</span> <span class='ocrx_word' id='word_1_68' title='bbox 1440 1429 1514 1457; x_wconf 88' lang='lat' dir='ltr'>seu</span> <span class='ocrx_word' id='word_1_69' title='bbox 1544 1416 1820 1471; x_wconf 87' lang='lat' dir='ltr'>quovismodo</span> <span class='ocrx_word' id='word_1_70' title='bbox 1849 1417 1895 1460; x_wconf 88' lang='lat' dir='ltr'>in</span> <span class='ocrx_word' id='word_1_71' title='bbox 1926 1418 2124 1461; x_wconf 74' lang='lat' dir='ltr'>futurum</span> 
     </span>
     <span class='ocr_line' id='line_1_11' title="bbox 169 1501 2122 1564; baseline 0.004 -18"><span class='ocrx_word' id='word_1_72' title='bbox 169 1503 324 1546; x_wconf 83' lang='lat' dir='ltr'>habere</span> <span class='ocrx_word' id='word_1_73' title='bbox 344 1506 520 1559; x_wconf 87' lang='lat' dir='ltr'>potuero</span> <span class='ocrx_word' id='word_1_74' title='bbox 541 1503 587 1544; x_wconf 89' lang='lat' dir='ltr'>in</span> <span class='ocrx_word' id='word_1_75' title='bbox 608 1501 773 1545; x_wconf 90' lang='lat' dir='ltr'>duobus</span> <span class='ocrx_word' id='word_1_76' title='bbox 793 1502 1043 1558; x_wconf 85' lang='lat' dir='ltr'>messuagiis</span> <span class='ocrx_word' id='word_1_77' title='bbox 1065 1503 1281 1559; x_wconf 81' lang='lat' dir='ltr'>octoginta</span> <span class='ocrx_word' id='word_1_78' title='bbox 1302 1506 1343 1546; x_wconf 78' lang='lat' dir='ltr'>et</span> <span class='ocrx_word' id='word_1_79' title='bbox 1365 1520 1452 1547; x_wconf 81' lang='lat' dir='ltr'>una</span> <span class='ocrx_word' id='word_1_80' title='bbox 1472 1505 1578 1548; x_wconf 85' lang='lat' dir='ltr'>aeris</span> <span class='ocrx_word' id='word_1_81' title='bbox 1597 1509 1721 1549; x_wconf 86' lang='lat' dir='ltr'>terrae</span> <span class='ocrx_word' id='word_1_82' title='bbox 1742 1507 1855 1563; x_wconf 85' lang='lat' dir='ltr'>prati</span> <span class='ocrx_word' id='word_1_83' title='bbox 1875 1511 1917 1551; x_wconf 87' lang='lat' dir='ltr'>et</span> <span class='ocrx_word' id='word_1_84' title='bbox 1937 1512 2122 1564; x_wconf 82' lang='lat' dir='ltr'>pasturae</span> 
     </span>
     <span class='ocr_line' id='line_1_12' title="bbox 170 1592 2125 1653; baseline 0.003 -15"><span class='ocrx_word' id='word_1_85' title='bbox 170 1610 267 1638; x_wconf 84' lang='lat' dir='ltr'>oum</span> <span class='ocrx_word' id='word_1_86' title='bbox 287 1594 558 1650; x_wconf 83' lang='lat' dir='ltr'>pertinentiis</span> <span class='ocrx_word' id='word_1_87' title='bbox 579 1593 625 1635; x_wconf 89' lang='lat' dir='ltr'>in</span> <span class='ocrx_word' id='word_1_88' title='bbox 645 1592 936 1635; x_wconf 80' lang='lat' dir='ltr'><strong>LESWRONNY</strong></span> <span class='ocrx_word' id='word_1_89' title='bbox 957 1609 1052 1650; x_wconf 88' lang='lat' dir='ltr'>quae</span> <span class='ocrx_word' id='word_1_90' title='bbox 1074 1594 1188 1636; x_wconf 86' lang='lat' dir='ltr'>idem</span> <span class='ocrx_word' id='word_1_91' title='bbox 1219 1594 1478 1638; x_wconf 72' lang='lat' dir='ltr'>Lnnovmns</span> <span class='ocrx_word' id='word_1_92' title='bbox 1508 1613 1645 1653; x_wconf 89' lang='lat' dir='ltr'>nuper</span> <span class='ocrx_word' id='word_1_93' title='bbox 1673 1598 1825 1641; x_wconf 80' lang='lat' dir='ltr'>habuit</span> <span class='ocrx_word' id='word_1_94' title='bbox 1856 1615 1908 1642; x_wconf 79' lang='lat' dir='ltr'>ex</span> <span class='ocrx_word' id='word_1_95' title='bbox 1939 1601 2051 1644; x_wconf 91' lang='lat' dir='ltr'>dono</span> <span class='ocrx_word' id='word_1_96' title='bbox 2082 1605 2125 1644; x_wconf 91' lang='lat' dir='ltr'>et</span> 
     </span>
     <span class='ocr_line' id='line_1_13' title="bbox 169 1684 2125 1748; baseline 0.004 -20"><span class='ocrx_word' id='word_1_97' title='bbox 169 1685 447 1728; x_wconf 74' lang='lat' dir='ltr'>feoffamento</span> <span class='ocrx_word' id='word_1_98' title='bbox 467 1684 553 1727; x_wconf 89' lang='lat' dir='ltr'>mei</span> <span class='ocrx_word' id='word_1_99' title='bbox 573 1684 744 1740; x_wconf 83' lang='lat' dir='ltr'>praefati</span> <span class='ocrx_word' id='word_1_100' title='bbox 766 1684 971 1726; x_wconf 74' lang='lat' dir='ltr'>Rossmm</span> <span class='ocrx_word' id='word_1_101' title='bbox 993 1687 1037 1727; x_wconf 89' lang='lat' dir='ltr'>et</span> <span class='ocrx_word' id='word_1_102' title='bbox 1056 1685 1234 1727; x_wconf 80' lang='lat' dir='ltr'>ALICIAE</span> <span class='ocrx_word' id='word_1_103' title='bbox 1255 1685 1384 1729; x_wconf 73' lang='lat' dir='ltr'><strong>VELE</strong></span> <span class='ocrx_word' id='word_1_104' title='bbox 1413 1687 1561 1730; x_wconf 86' lang='lat' dir='ltr'>matris</span> <span class='ocrx_word' id='word_1_105' title='bbox 1580 1704 1686 1731; x_wconf 86' lang='lat' dir='ltr'>meae</span> <span class='ocrx_word' id='word_1_106' title='bbox 1707 1693 1834 1746; x_wconf 87' lang='lat' dir='ltr'>prout</span> <span class='ocrx_word' id='word_1_107' title='bbox 1862 1690 1909 1733; x_wconf 87' lang='lat' dir='ltr'>in</span> <span class='ocrx_word' id='word_1_108' title='bbox 1939 1693 2125 1748; x_wconf 81' lang='lat' dir='ltr'>quadam</span> 
     </span>
     <span class='ocr_line' id='line_1_14' title="bbox 170 1775 2125 1835; baseline 0.004 -16"><span class='ocrx_word' id='word_1_109' title='bbox 170 1780 286 1820; x_wconf 85' lang='lat' dir='ltr'>carta</span> <span class='ocrx_word' id='word_1_110' title='bbox 306 1777 407 1819; x_wconf 89' lang='lat' dir='ltr'>inde</span> <span class='ocrx_word' id='word_1_111' title='bbox 428 1776 617 1818; x_wconf 82' lang='lat' dir='ltr'>confecta</span> <span class='ocrx_word' id='word_1_112' title='bbox 638 1775 806 1830; x_wconf 88' lang='lat' dir='ltr'>plenius</span> <span class='ocrx_word' id='word_1_113' title='bbox 826 1775 1069 1818; x_wconf 74' lang='lat' dir='ltr'>continetur</span> <span class='ocrx_word' id='word_1_114' title='bbox 1092 1810 1099 1818; x_wconf 92' lang='lat'><strong>.</strong></span> <span class='ocrx_word' id='word_1_115' title='bbox 1124 1775 1196 1818; x_wconf 83' lang='lat' dir='ltr'>Ita</span> <span class='ocrx_word' id='word_1_116' title='bbox 1224 1778 1338 1831; x_wconf 89' lang='lat' dir='ltr'>quod</span> <span class='ocrx_word' id='word_1_117' title='bbox 1359 1793 1436 1821; x_wconf 82' lang='lat' dir='ltr'>nee</span> <span class='ocrx_word' id='word_1_118' title='bbox 1461 1793 1541 1835; x_wconf 86' lang='lat' dir='ltr'>ego</span> <span class='ocrx_word' id='word_1_119' title='bbox 1561 1780 1767 1835; x_wconf 77' lang='lat' dir='ltr'>praefatus</span> <span class='ocrx_word' id='word_1_120' title='bbox 1788 1781 2028 1826; x_wconf 79' lang='lat' dir='ltr'>ROBERTUS</span> <span class='ocrx_word' id='word_1_121' title='bbox 2047 1800 2125 1828; x_wconf 85' lang='lat' dir='ltr'>neo</span> 
     </span>
     <span class='ocr_line' id='line_1_15' title="bbox 169 1866 2124 1926; baseline 0.004 -15"><span class='ocrx_word' id='word_1_122' title='bbox 169 1869 358 1911; x_wconf 87' lang='lat' dir='ltr'>haeredes</span> <span class='ocrx_word' id='word_1_123' title='bbox 387 1867 472 1909; x_wconf 90' lang='lat' dir='ltr'>mei</span> <span class='ocrx_word' id='word_1_124' title='bbox 502 1881 580 1909; x_wconf 86' lang='lat' dir='ltr'>neo</span> <span class='ocrx_word' id='word_1_125' title='bbox 610 1866 764 1922; x_wconf 87' lang='lat' dir='ltr'>aliquis</span> <span class='ocrx_word' id='word_1_126' title='bbox 794 1866 904 1908; x_wconf 86' lang='lat' dir='ltr'>alius</span> <span class='ocrx_word' id='word_1_127' title='bbox 933 1867 1106 1909; x_wconf 88' lang='lat' dir='ltr'>nomine</span> <span class='ocrx_word' id='word_1_128' title='bbox 1136 1871 1293 1914; x_wconf 87' lang='lat' dir='ltr'>nostro</span> <span class='ocrx_word' id='word_1_129' title='bbox 1309 1868 1472 1924; x_wconf 78' lang='lat' dir='ltr'>ahquid</span> <span class='ocrx_word' id='word_1_130' title='bbox 1491 1869 1563 1926; x_wconf 85' lang='lat' dir='ltr'>jus</span> <span class='ocrx_word' id='word_1_131' title='bbox 1590 1871 1766 1914; x_wconf 85' lang='lat' dir='ltr'>titulum</span> <span class='ocrx_word' id='word_1_132' title='bbox 1787 1876 1830 1916; x_wconf 91' lang='lat' dir='ltr'>et</span> <span class='ocrx_word' id='word_1_133' title='bbox 1851 1874 2058 1918; x_wconf 78' lang='lat' dir='ltr'>olameum</span> <span class='ocrx_word' id='word_1_134' title='bbox 2078 1877 2124 1919; x_wconf 87' lang='lat' dir='ltr'>in</span> 
     </span>
     <span class='ocr_line' id='line_1_16' title="bbox 168 1957 2124 2023; baseline 0.004 -21"><span class='ocrx_word' id='word_1_135' title='bbox 168 1959 383 2016; x_wconf 83' lang='lat' dir='ltr'>praedietis</span> <span class='ocrx_word' id='word_1_136' title='bbox 412 1957 662 2013; x_wconf 83' lang='lat' dir='ltr'>messuagiis</span> <span class='ocrx_word' id='word_1_137' title='bbox 701 1957 824 2000; x_wconf 87' lang='lat' dir='ltr'>terris</span> <span class='ocrx_word' id='word_1_138' title='bbox 864 1957 997 2013; x_wconf 85' lang='lat' dir='ltr'>pratis</span> <span class='ocrx_word' id='word_1_139' title='bbox 1036 1961 1079 2000; x_wconf 88' lang='lat' dir='ltr'>et</span> <span class='ocrx_word' id='word_1_140' title='bbox 1118 1959 1302 2014; x_wconf 82' lang='lat' dir='ltr'>pasturis</span> <span class='ocrx_word' id='word_1_141' title='bbox 1342 1974 1440 2002; x_wconf 84' lang='lat' dir='ltr'>oum</span> <span class='ocrx_word' id='word_1_142' title='bbox 1478 1962 1748 2016; x_wconf 88' lang='lat' dir='ltr'>pertinentiis</span> <span class='ocrx_word' id='word_1_143' title='bbox 1786 1980 1863 2007; x_wconf 82' lang='lat' dir='ltr'>nee</span> <span class='ocrx_word' id='word_1_144' title='bbox 1903 1965 1949 2008; x_wconf 89' lang='lat' dir='ltr'>in</span> <span class='ocrx_word' id='word_1_145' title='bbox 1980 1967 2124 2023; x_wconf 81' lang='lat' dir='ltr'>aliqua</span> 
     </span>
     <span class='ocr_line' id='line_1_17' title="bbox 168 2047 2124 2107; baseline 0.005 -15"><span class='ocrx_word' id='word_1_146' title='bbox 168 2050 352 2107; x_wconf 80' lang='lat' dir='ltr'>parcella</span> <span class='ocrx_word' id='word_1_147' title='bbox 372 2049 604 2091; x_wconf 86' lang='lat' dir='ltr'>eorundem</span> <span class='ocrx_word' id='word_1_148' title='bbox 625 2049 816 2089; x_wconf 86' lang='lat' dir='ltr'>deoetero</span> <span class='ocrx_word' id='word_1_149' title='bbox 838 2047 1008 2104; x_wconf 83' lang='lat' dir='ltr'>exigere</span> <span class='ocrx_word' id='word_1_150' title='bbox 1029 2063 1103 2090; x_wconf 87' lang='lat' dir='ltr'>seu</span> <span class='ocrx_word' id='word_1_151' title='bbox 1123 2049 1346 2092; x_wconf 81' lang='lat' dir='ltr'>vendicare</span> <span class='ocrx_word' id='word_1_152' title='bbox 1367 2051 1632 2107; x_wconf 88' lang='lat' dir='ltr'>potuerimus</span> <span class='ocrx_word' id='word_1_153' title='bbox 1662 2053 1707 2095; x_wconf 90' lang='lat' dir='ltr'>in</span> <span class='ocrx_word' id='word_1_154' title='bbox 1739 2054 1935 2098; x_wconf 78' lang='lat' dir='ltr'>futurum</span> <span class='ocrx_word' id='word_1_155' title='bbox 1966 2059 2039 2101; x_wconf 90' lang='lat' dir='ltr'>sed</span> <span class='ocrx_word' id='word_1_156' title='bbox 2068 2059 2124 2102; x_wconf 84' lang='lat' dir='ltr'>ab</span> 
     </span>
     <span class='ocr_line' id='line_1_18' title="bbox 169 2138 2120 2205; baseline 0.004 -21"><span class='ocrx_word' id='word_1_157' title='bbox 169 2141 285 2185; x_wconf 88' lang='lat' dir='ltr'>omni</span> <span class='ocrx_word' id='word_1_158' title='bbox 305 2140 470 2182; x_wconf 82' lang='lat' dir='ltr'>aetione</span> <span class='ocrx_word' id='word_1_159' title='bbox 485 2139 594 2195; x_wconf 80' lang='lat' dir='ltr'>juris</span> <span class='ocrx_word' id='word_1_160' title='bbox 614 2138 742 2181; x_wconf 89' lang='lat' dir='ltr'>titulo</span> <span class='ocrx_word' id='word_1_161' title='bbox 763 2138 921 2181; x_wconf 82' lang='lat' dir='ltr'>elameo</span> <span class='ocrx_word' id='word_1_162' title='bbox 942 2139 1153 2181; x_wconf 83' lang='lat' dir='ltr'>demanda</span> <span class='ocrx_word' id='word_1_163' title='bbox 1174 2143 1216 2182; x_wconf 91' lang='lat' dir='ltr'>et</span> <span class='ocrx_word' id='word_1_164' title='bbox 1240 2140 1441 2183; x_wconf 82' lang='lat' dir='ltr'>interesse</span> <span class='ocrx_word' id='word_1_165' title='bbox 1470 2141 1571 2184; x_wconf 86' lang='lat' dir='ltr'>inde</span> <span class='ocrx_word' id='word_1_166' title='bbox 1601 2143 1732 2187; x_wconf 88' lang='lat' dir='ltr'>simus</span> <span class='ocrx_word' id='word_1_167' title='bbox 1761 2146 1921 2189; x_wconf 84' lang='lat' dir='ltr'>exclusi</span> <span class='ocrx_word' id='word_1_168' title='bbox 1950 2147 1996 2190; x_wconf 91' lang='lat' dir='ltr'>in</span> <span class='ocrx_word' id='word_1_169' title='bbox 2026 2164 2120 2205; x_wconf 87' lang='lat' dir='ltr'>per-</span> 
     </span>
     <span class='ocr_line' id='line_1_19' title="bbox 168 2228 2122 2295; baseline 0.005 -21"><span class='ocrx_word' id='word_1_170' title='bbox 168 2234 347 2288; x_wconf 89' lang='lat' dir='ltr'>petuum</span> <span class='ocrx_word' id='word_1_171' title='bbox 367 2245 442 2286; x_wconf 92' lang='lat' dir='ltr'>per</span> <span class='ocrx_word' id='word_1_172' title='bbox 461 2232 690 2286; x_wconf 87' lang='lat' dir='ltr'>praesentes</span> <span class='ocrx_word' id='word_1_173' title='bbox 722 2263 730 2271; x_wconf 93' lang='lat'><strong>.</strong></span> <span class='ocrx_word' id='word_1_174' title='bbox 764 2228 819 2271; x_wconf 90' lang='lat' dir='ltr'>In</span> <span class='ocrx_word' id='word_1_175' title='bbox 852 2228 975 2285; x_wconf 82' lang='lat' dir='ltr'>eujus</span> <span class='ocrx_word' id='word_1_176' title='bbox 1002 2230 1064 2272; x_wconf 88' lang='lat' dir='ltr'>rei</span> <span class='ocrx_word' id='word_1_177' title='bbox 1094 2230 1386 2274; x_wconf 85' lang='lat' dir='ltr'>testimonium</span> <span class='ocrx_word' id='word_1_178' title='bbox 1415 2231 1515 2275; x_wconf 84' lang='lat' dir='ltr'>huie</span> <span class='ocrx_word' id='word_1_179' title='bbox 1535 2235 1735 2288; x_wconf 70' lang='lat' dir='ltr'>praesenti</span> <span class='ocrx_word' id='word_1_180' title='bbox 1755 2236 1910 2293; x_wconf 84' lang='lat' dir='ltr'>scripto</span> <span class='ocrx_word' id='word_1_181' title='bbox 1930 2239 2122 2295; x_wconf 88' lang='lat' dir='ltr'>sigillum</span> 
     </span>
     <span class='ocr_line' id='line_1_20' title="bbox 168 2318 2117 2376; baseline 0.005 -13"><span class='ocrx_word' id='word_1_182' title='bbox 168 2335 312 2363; x_wconf 89' lang='lat' dir='ltr'>meum</span> <span class='ocrx_word' id='word_1_183' title='bbox 352 2319 541 2376; x_wconf 85' lang='lat' dir='ltr'>apposui.</span> <span class='ocrx_word' id='word_1_184' title='bbox 617 2318 722 2361; x_wconf 87' lang='lat' dir='ltr'>Hiis</span> <span class='ocrx_word' id='word_1_185' title='bbox 762 2318 941 2361; x_wconf 85' lang='lat' dir='ltr'>testibus</span> <span class='ocrx_word' id='word_1_186' title='bbox 984 2352 993 2361; x_wconf 89' lang='lat'><strong>.</strong></span> <span class='ocrx_word' id='word_1_187' title='bbox 1029 2319 1241 2363; x_wconf 79' lang='lat' dir='ltr'>RoBERTo</span> <span class='ocrx_word' id='word_1_188' title='bbox 1278 2322 1503 2365; x_wconf 75' lang='lat' dir='ltr'><strong>RAGLAND</strong></span> <span class='ocrx_word' id='word_1_189' title='bbox 1545 2357 1554 2365; x_wconf 92' lang='lat'><strong><em>.</em></strong></span> <span class='ocrx_word' id='word_1_190' title='bbox 1597 2324 1627 2367; x_wconf 86' lang='lat' dir='ltr'><strong>J</strong></span> <span class='ocrx_word' id='word_1_191' title='bbox 1630 2339 1818 2368; x_wconf 84' lang='lat' dir='ltr'>OHANNE</span> <span class='ocrx_word' id='word_1_192' title='bbox 1848 2327 2075 2372; x_wconf 68' lang='lat' dir='ltr'><strong>FLEMYNG</strong></span> <span class='ocrx_word' id='word_1_193' title='bbox 2109 2365 2117 2373; x_wconf 95' lang='lat'>.</span> 
     </span>
     <span class='ocr_line' id='line_1_21' title="bbox 167 2408 2121 2466; baseline 0.005 -11"><span class='ocrx_word' id='word_1_194' title='bbox 167 2412 386 2455; x_wconf 83' lang='lat' dir='ltr'><strong>JOHANNE</strong></span> <span class='ocrx_word' id='word_1_195' title='bbox 422 2425 476 2466; x_wconf 87' lang='lat' dir='ltr'>ap</span> <span class='ocrx_word' id='word_1_196' title='bbox 515 2409 671 2452; x_wconf 80' lang='lat' dir='ltr'><strong>JEUAN</strong></span> <span class='ocrx_word' id='word_1_197' title='bbox 713 2408 904 2452; x_wconf 77' lang='lat' dir='ltr'>&#39;I&#39;HoMAs</span> <span class='ocrx_word' id='word_1_198' title='bbox 946 2442 955 2451; x_wconf 86' lang='lat'><strong>.</strong></span> <span class='ocrx_word' id='word_1_199' title='bbox 998 2409 1167 2453; x_wconf 81' lang='grc' dir='ltr'><strong>ΤΗΟΜΑ</strong></span> <span class='ocrx_word' id='word_1_200' title='bbox 1207 2412 1433 2455; x_wconf 80' lang='lat' dir='ltr'>FLEMYNG</span> <span class='ocrx_word' id='word_1_201' title='bbox 1477 2447 1486 2455; x_wconf 93' lang='lat'><strong><em>.</em></strong></span> <span class='ocrx_word' id='word_1_202' title='bbox 1527 2414 1748 2458; x_wconf 85' lang='lat' dir='ltr'><strong>JOHANNE</strong></span> <span class='ocrx_word' id='word_1_203' title='bbox 1798 2419 1850 2460; x_wconf 89' lang='lat' dir='ltr'>de</span> <span class='ocrx_word' id='word_1_204' title='bbox 1899 2419 2037 2462; x_wconf 83' lang='lat' dir='ltr'><strong>AUNE</strong></span> <span class='ocrx_word' id='word_1_205' title='bbox 2078 2424 2121 2464; x_wconf 91' lang='lat' dir='ltr'>et</span> 
     </span>
     <span class='ocr_line' id='line_1_22' title="bbox 165 2501 447 2545; baseline -0.007 0"><span class='ocrx_word' id='word_1_206' title='bbox 165 2502 312 2545; x_wconf 87' lang='lat' dir='ltr'>multis</span> <span class='ocrx_word' id='word_1_207' title='bbox 341 2501 447 2543; x_wconf 85' lang='lat' dir='ltr'>aliis.</span> 
     </span>
    </p>

    <p class='ocr_par' dir='ltr' id='par_1_6' title="bbox 225 2589 2119 2659">
     <span class='ocr_line' id='line_1_23' title="bbox 225 2589 2119 2659; baseline 0.005 -24"><span class='ocrx_word' id='word_1_208' title='bbox 225 2593 391 2635; x_wconf 85' lang='lat' dir='ltr'>Datum</span> <span class='ocrx_word' id='word_1_209' title='bbox 423 2591 539 2647; x_wconf 85' lang='lat' dir='ltr'>apud</span> <span class='ocrx_word' id='word_1_210' title='bbox 570 2589 861 2633; x_wconf 80' lang='lat' dir='ltr'>LESWRONNY</span> <span class='ocrx_word' id='word_1_211' title='bbox 897 2591 1145 2646; x_wconf 81' lang='lat' dir='ltr'>praediotam</span> <span class='ocrx_word' id='word_1_212' title='bbox 1181 2593 1344 2636; x_wconf 81' lang='lat' dir='ltr'>decimo</span> <span class='ocrx_word' id='word_1_213' title='bbox 1377 2594 1445 2637; x_wconf 92' lang='lat' dir='ltr'>die</span> <span class='ocrx_word' id='word_1_214' title='bbox 1478 2596 1642 2652; x_wconf 88' lang='lat' dir='ltr'>Aprilis</span> <span class='ocrx_word' id='word_1_215' title='bbox 1677 2613 1790 2641; x_wconf 86' lang='lat' dir='ltr'>anno</span> <span class='ocrx_word' id='word_1_216' title='bbox 1824 2600 1949 2656; x_wconf 85' lang='lat' dir='ltr'>regni</span> <span class='ocrx_word' id='word_1_217' title='bbox 1984 2601 2119 2659; x_wconf 83' lang='lat' dir='ltr'>Regis</span> 
     </span>
    </p>
   </div>
   <div class='ocr_carea' id='block_1_6' title="bbox 165 2681 1390 2818">
    <p class='ocr_par' dir='ltr' id='par_1_7' title="bbox 165 2681 1390 2818">
     <span class='ocr_line' id='line_1_24' title="bbox 165 2681 1390 2738; baseline 0.001 -12"><span class='ocrx_word' id='word_1_218' title='bbox 165 2685 391 2727; x_wconf 78' lang='lat' dir='ltr'><strong>EDWARDI</strong></span> <span class='ocrx_word' id='word_1_219' title='bbox 413 2681 556 2738; x_wconf 85' lang='lat' dir='ltr'>quarti</span> <span class='ocrx_word' id='word_1_220' title='bbox 577 2683 674 2737; x_wconf 90' lang='lat' dir='ltr'>post</span> <span class='ocrx_word' id='word_1_221' title='bbox 694 2683 972 2736; x_wconf 85' lang='lat' dir='ltr'>eonquestum</span> <span class='ocrx_word' id='word_1_222' title='bbox 993 2682 1192 2725; x_wconf 79' lang='lat' dir='ltr'>ANGLIAE</span> <span class='ocrx_word' id='word_1_223' title='bbox 1232 2687 1390 2728; x_wconf 75' lang='lat' dir='ltr'>octavo.</span> 
     </span>
     <span class='ocr_line' id='line_1_25' title="bbox 225 2771 903 2818; baseline -0.006 0"><span class='ocrx_word' id='word_1_224' title='bbox 225 2774 520 2818; x_wconf 83' lang='lat' dir='ltr'>Endorsed—‘</span> <span class='ocrx_word' id='word_1_225' title='bbox 541 2772 727 2815; x_wconf 83' lang='lat' dir='ltr'>Roberte</span> <span class='ocrx_word' id='word_1_226' title='bbox 748 2771 903 2816; x_wconf 89' lang='lat' dir='ltr'>Velle.&#39;</span> 
     </span>
    </p>
   </div>
  </div>
 </body>
</html>
