2362 3392
294 226 402 268 1688

230 439 273 478 01
292 435 490 478 tabernas
508 433 555 475 in
576 430 888 488 oppressionem
909 428 1119 470 dictorum
1144 425 1309 468 abbatis
1330 428 1372 467 et
1400 428 1632 467 conventus
1662 428 1705 466 et
1735 423 1975 465 tenentium
2005 436 2178 465 suorum

229 526 526 582 predictorum.
607 522 712 564 Ideo
742 520 862 563 vobis
901 522 944 562 et
982 517 1158 560 cuilibet
1187 520 1375 559 vestrum
1405 515 1661 571 precipimus
1690 518 1731 556 et
1762 513 2035 570 prohibemus
2065 514 2179 569 quod

229 618 397 660 nullum
428 616 514 658 tale
549 614 724 656 feodum
759 613 811 654 de
846 613 981 652 cetero
1018 608 1173 664 petatis
1208 622 1286 649 nec
1322 606 1476 662 aliquis
1512 609 1700 649 vestrum
1740 608 1859 661 petat
1897 604 2075 660 recipiat
2104 619 2179 647 seu

228 709 402 765 colligat
436 705 660 763 pecuniam
687 703 881 746 bidentes
914 716 987 743 seu
1018 700 1163 755 aliqua
1193 698 1278 740 alia
1308 698 1450 739 averia
1479 697 1592 740 bona
1612 697 1680 740 vel
1710 697 1863 739 catalla
1892 711 1970 738 1100
1990 696 2180 738 vendant

227 798 445 841 cervisiam
466 796 614 839 vinum
634 794 858 836 medonem
884 806 962 833 nec
987 790 1175 845 aliquem
1206 789 1340 830 alium
1370 791 1520 844 potum
1550 788 1596 829 in
1627 787 1939 843 oppressionem
1969 787 2180 828 dictorum

227 889 392 932 abbatis
420 892 462 931 et
496 888 728 929 conventus
757 886 801 926 et
820 882 1063 926 tenentium
1085 895 1258 923 suorum
1279 878 1567 935 predictorum
1588 878 1666 921 sub
1696 893 1807 934 pena
1838 877 1980 933 gravis
2010 877 2106 919 finis
2137 880 2179 920 et

226 980 390 1038 judicii.
451 979 507 1020 In
544 977 611 1033 cuj
618 992 667 1019 us
700 975 761 1018 rei
794 973 1089 1016 testimonium
1126 971 1191 1013 his
1224 971 1358 1013 literis
1389 970 1543 1012 nostris
1573 969 1819 1025 patentibus
1855 968 2046 1025 sigillum
2082 983 2179 1011 can-

225 1071 392 1115 cellarie
413 1073 554 1112 nostre
575 1069 628 1110 de
650 1066 865 1109 KARDIFF
887 1064 1091 1107 duximus
1113 1062 1427 1119 apponendum.

282 1163 445 1205 Datum
467 1161 513 1203 in
535 1157 785 1203 cancellaria
805 1159 949 1199 nostra
971 1154 1162 1211 predicta
1182 1152 1431 1195 duodecimo
1463 1151 1532 1194 die
1564 1150 1715 1193 Martii
1747 1165 1860 1193 anno
1891 1150 2015 1207 regni
2046 1150 2181 1207 Regis

224 1254 432 1298 HENRICI
456 1251 564 1294 sexti
584 1252 680 1306 post
701 1250 980 1304 conquestum
1003 1277 1184 1288 ......

283 1344 556 1401 Inspeximus
585 1342 716 1384 etiam
746 1340 851 1382 alias
881 1339 1025 1381 literas
1057 1340 1250 1392 patentes
1272 1335 1375 1377 dicti
1398 1334 1594 1377 RICARDI
1619 1334 1670 1375 de
1692 1333 1846 1375 BELLo
1867 1332 2025 1375 CAMPo
2046 1333 2182 1376 factas

224 1437 270 1479 in
290 1436 367 1478 hec
389 1433 516 1477 verba
536 1449 606 1475 :—

288 1527 362 1582 (4.)
398 1526 631 1568 RmARsz
664 1524 716 1564 de
752 1521 906 1564 BELLO
938 1519 1096 1562 Ompo
1118 1533 1254 1560 comes
1276 1517 1566 1560 WARREWICI
1590 1518 1632 1557 et
1653 1515 1959 1557 ALBEMARLIE
1981 1515 2180 1557 dominus

227 1614 530 1662 GLAMORGAN'
573 1617 616 1656 et
658 1610 875 1655 MORGAN'
917 1608 1208 1652 collectoribus
1249 1607 1418 1663 tallagii
1458 1606 1574 1648 feodi
1612 1605 1836 1648 comitatus
1877 1603 2179 1647 GLAMORGAN’

229 1741 376 1752 .....
399 1706 590 1763 predicta
623 1703 814 1746 maneria
849 1705 892 1744 et
928 1700 1132 1757 grangias
1162 1714 1209 1740 ac
1239 1702 1373 1740 terra-s
1404 1697 1589 1739 diversas
1619 1695 1784 1738 abbatis
1815 1696 1866 1737 de
1897 1695 1940 1737 N
1945 1709 2065 1737 EETH
2087 1695 2182 1751 ejus

226 1802 420 1843 tenentes
450 1802 493 1840 et
523 1796 754 1839 residentes
784 1794 829 1835 in
851 1793 1011 1834 eisdem
1032 1791 1086 1833 ad
1117 1789 1371 1832 solutionem
1392 1787 1543 1843 talagii
1568 1819 1715 1829 .....
1740 1786 1863 1828 aliter
1883 1800 2011 1841 quam
2042 1785 2181 1829 dictus

227 1890 356 1934 abbas
387 1892 430 1932 et
460 1888 554 1945 ejus
584 1886 895 1943 predecessores
927 1897 1000 1925 seu
1030 1881 1125 1938 ejus
1156 1882 1350 1922 tenentes
1380 1881 1423 1920 et
1443 1878 1675 1920 residentes
1697 1878 1742 1919 in
1764 1878 1923 1919 eisdem
1944 1878 2103 1919 solvere
2125 1892 2178 1918 ex

230 1982 406 2037 antiquo
437 1984 626 2034 tempore
655 1978 964 2019 consueverunt
995 1974 1047 2015 de
1075 1972 1199 2014 dictis
1221 1971 1414 2028 grangiis
1435 1973 1476 2012 et
1498 1969 1620 2012 terris
1641 1967 1863 2010 dominicis
1883 1968 1977 2010 ideo
2000 1967 2119 2010 vobis
2139 1970 2181 2010 et

229 2072 403 2116 cuilibet
442 2073 630 2113 vestrum
671 2067 926 2124 precipimus
968 2066 1082 2121 quod
1122 2063 1360 2120 predictum
1401 2061 1599 2104 abbatem
1640 2075 1713 2102 seu
1754 2059 1847 2115 ejus
1896 2062 2090 2102 tenentes
2139 2061 2183 2102 et

230 2164 461 2206 residentes
495 2161 541 2203 in
575 2160 733 2202 eisdem
770 2157 962 2214 grangiis
995 2159 1035 2198 et
1069 2155 1193 2198 terris
1223 2153 1445 2196 dominicis
1475 2151 1594 2194 nullo
1625 2151 1750 2193 modo
1772 2165 1900 2206 quam
1931 2152 1984 2193 de
2005 2151 2182 2206 antiquo

233 2258 422 2310 tempore
458 2252 549 2295 fieri
585 2249 802 2293 consuevit
835 2247 1035 2304 distringi
1068 2246 1235 2288 faciatis
1269 2260 1342 2286 seu
1374 2258 1486 2286 unus
1515 2246 1701 2285 vestrum
1733 2242 1933 2299 distringi
1966 2242 2095 2285 faciat
2130 2243 2183 2285 de

235 2346 379 2402 aliquo
401 2358 526 2387 onere
547 2341 725 2397 alicujus
746 2339 897 2396 talagii
918 2339 1077 2380 dictam
1105 2336 1332 2393 grangiam
1354 2350 1427 2377 seu
1447 2337 1605 2376 terram
1626 2333 1883 2375 dominicam
1903 2336 2109 2389 tangente
2139 2335 2183 2376 et

234 2438 312 2480 hoc
347 2435 466 2477 nullo
501 2434 626 2475 modo
660 2431 868 2474 omittatis
903 2445 975 2472 seu
1012 2443 1124 2471 unus
1156 2430 1343 2470 vestrum
1376 2425 1547 2468 omittat
1582 2423 1660 2466 sub
1700 2438 1810 2479 pena
1851 2438 1935 2479 qua
1974 2422 2184 2466 incumbit

235 2528 445 2583 deinceps.

292 2619 457 2660 Datum
486 2617 532 2657 in
564 2614 812 2657 cancellaria
834 2615 978 2655 nostra
998 2612 1049 2653 de
1072 2610 1314 2652 KAERDIFF
1337 2607 1414 2650 sub
1435 2607 1576 2664 sigillo
1598 2605 1845 2649 cancellarie
1867 2608 2009 2647 nostre
2032 2638 2179 2648 .....

237 2711 306 2752 die
329 2707 521 2751 Octobris
543 2721 654 2748 anno
675 2705 800 2761 regni
821 2703 955 2759 Regis
978 2702 1183 2744 HENRICI
1205 2700 1313 2742 sexti
1333 2702 1428 2754 post
1448 2702 1725 2753 conquestum
1746 2700 1905 2738 octavo.
1976 2695 2149 2754 [1429]

295 2799 388 2842 Nos
410 2801 553 2840 autem
574 2811 718 2839 omnes
739 2795 989 2838 donationes
1011 2792 1296 2835 concessiones
1316 2793 1359 2832 et
1380 2788 1719 2831 confirmationes
1740 2787 1950 2842 predictas
1970 2790 2012 2829 et
2040 2802 2185 2830 omnes

239 2892 344 2934 alias
364 2889 613 2932 donationes
634 2886 918 2929 concessiones
938 2888 979 2926 et
1001 2883 1341 2926 confirmationes
1361 2896 1386 2922 a
1407 2879 1588 2936 singulis
1608 2877 1938 2920 antecessoribus
1959 2878 2112 2920 nostris
2141 2881 2185 2921 et

240 2982 294 3024 ab
325 2981 418 3023 aliis
447 2979 590 3022 liberis
620 2977 864 3021 hominibus
900 2975 1221 3031 quibuscunque
1250 2971 1366 3014 infra
1397 2974 1554 3013 terram
1586 2971 1776 3011 nostram
1811 2968 1934 3011 dictis
1970 2969 2187 3012 monachis
