2362 3392
246 221 358 263 1734

189 429 380 485 plenarie
399 428 746 484 complendorum
766 425 983 468 reddendo
1010 424 1112 467 inde
1142 424 1380 477 annuatim,
1402 427 1495 477 etc„
1516 439 1593 481 pro
1613 425 1803 481 predicto
1822 425 2069 468 molendino
2097 427 2140 467 et

189 520 315 562 terris
353 519 553 575 predictis
591 524 722 560 vais·
753 516 871 560 vusd·
917 515 1224 571 sterlingorum
1263 515 1484 558 solvendos
1530 517 1585 558 ad
1625 515 1754 559 festos
1799 515 2142 558 annunciationis

189 610 312 653 beate
345 610 506 653 MARIE
538 609 718 666 virginis
749 612 792 651 et
831 607 978 650 Sancti
1013 605 1288 658 anfflms,
1318 609 1412 658 etc.,
1440 610 1484 648 et
1514 621 1591 661 pro
1622 606 1813 662 predicta
1839 606 1965 648 firma
1993 605 2147 648 tolneti

188 708 367 744 xxanS·
390 704 432 744 et
462 700 568 744 111J‘L
592 701 647 742 ad
672 683 833 741 festum*
863 697 1010 740 Sancti
1037 696 1297 739 MicHAEms
1317 698 1501 738 tantum.
1561 695 1623 738 Et
1652 696 1870 752 predictus
1897 696 1927 740 J
1930 710 2140 739 OHANNES

191 793 430 849 predictum
449 791 743 834 molendinum
762 803 859 831 cum
879 787 1076 831 omnibus
1101 786 1347 843 gurgitibus
1377 786 1516 829 eidem
1545 787 1790 830 molendino
1822 786 2136 843 pertinentibus

189 886 233 927 et
277 883 422 926 omnia
465 882 548 924 alia
588 896 670 936 que
710 880 764 922 ad
805 879 969 922 dictum
1008 878 1303 921 molendinum
1343 878 1560 933 pertinent
1600 876 1708 920 bene
1758 880 1802 920 et
1855 880 2142 933 competenter

192 973 405 1016 edificabit
453 971 665 1028 reparavit
709 970 796 1026 (sic)
851 973 894 1013 et
931 972 1146 1012 susteneat
1175 984 1224 1011 ac
1258 970 1534 1010 manuteneat
1566 967 1806 1024 sumptibus
1838 968 1924 1010 suis
1964 966 2146 1024 propriis

190 1070 232 1107 et
297 1063 492 1120 expensis
555 1063 738 1105 durante
798 1060 980 1103 termino
1044 1060 1247 1115 predicto,
1310 1063 1486 1115 excepto
1546 1059 1660 1114 quod
1713 1059 1852 1101 dictus
1906 1058 1936 1101 J
1939 1072 2148 1101 oHANNEs

189 1155 363 1198 habebit
383 1156 436 1198 de
456 1154 579 1197 nobis
599 1156 641 1196 et
661 1151 887 1196 heredibus
907 1151 1062 1194 nostris
1093 1165 1286 1208 grossum
1316 1150 1567 1192 meremium
1597 1164 1673 1205 pro
1703 1149 2013 1192 sustentacione
2038 1149 2142 1192 dicti

190 1246 426 1290 molendini
452 1259 636 1288 unacum
659 1244 792 1301 virgis
819 1243 978 1286 vocatis
1013 1241 1292 1286 Wmnmcsss
1327 1244 1368 1284 et
1406 1240 1532 1297 pollis
1567 1255 1643 1296 pro
1678 1240 1718 1282 le
1743 1255 1873 1283 weres
1904 1240 1950 1282 in
1981 1240 2149 1283 forestis

191 1338 344 1381 nostris
363 1352 439 1394 per
458 1337 598 1379 visum
626 1338 669 1378 et
698 1334 999 1377 liberacionem
1024 1333 1359 1376 fforestariorum
1390 1334 1632 1374 nostrorum
1661 1331 1821 1374 ibidem
1850 1346 1927 1387 pro
1958 1334 2147 1388 tempore

192 1429 468 1473 existentium
488 1431 531 1470 et
552 1427 609 1470 sic
630 1426 846 1483 prefatum
872 1424 1171 1467 molendinum
1197 1439 1294 1466 cum
1315 1422 1513 1465 omnibus
1533 1422 1619 1465 suis
1639 1422 1913 1478 pertinenciis
1934 1422 2148 1478 predictus

193 1521 222 1565 J
225 1534 435 1563 OHANNES
465 1519 511 1562 in
546 1518 632 1561 fine
665 1516 838 1560 termini
871 1516 937 1558 sui
971 1515 1151 1571 predicti
1183 1549 1191 1557 .
1228 1549 1236 1557 .
1271 1548 1280 1556 .
1316 1548 1324 1556 .
1357 1517 1400 1557 et
1433 1516 1726 1569 computenter
1763 1513 1850 1568 (sic)
1889 1513 2146 1566 edificatum,

194 1613 494 1662 sustentatum,
516 1612 559 1652 et
578 1611 822 1665 reparatum
843 1607 1053 1650 demittet.
1114 1606 1291 1649 Proviso
1313 1620 1476 1661 semper
1497 1605 1611 1660 quod
1632 1604 1666 1646 si
1687 1604 1912 1661 contingat
1933 1604 2150 1647 redditum

194 1703 431 1760 predictum
464 1703 602 1743 aretro
642 1699 732 1742 fore
771 1698 818 1741 in
859 1701 979 1754 parte
1015 1698 1082 1740 vel
1117 1697 1163 1739 in
1198 1700 1289 1739 toto
1329 1712 1404 1752 per
1436 1711 1507 1738 sex
1552 1695 1809 1751 septimanas
1844 1699 1941 1750 post
1976 1695 2152 1751 aliquod

197 1795 429 1838 terminum
455 1792 695 1850 predictum
726 1806 813 1834 non
842 1790 1030 1832 solutum
1061 1789 1129 1831 vel
1161 1788 1196 1830 si
1222 1788 1462 1844 predictum
1497 1787 1794 1829 molendinum
1825 1801 1922 1829 cum
1954 1786 2151 1829 omnibus

197 1885 375 1942 prefatis
396 1884 482 1927 suis
505 1882 779 1940 pertinenciis
807 1897 895 1924 non
921 1881 975 1923 sit
1001 1880 1226 1922 annuatim
1251 1879 1360 1922 bene
1388 1882 1431 1921 et
1455 1880 1754 1934 computentur
1787 1878 1874 1933 (sic)
1906 1878 2152 1920 edificatum

202 1978 487 2020 sustentatum
519 1978 562 2017 et
594 1977 851 2030 reparatum,
874 1972 988 2029 quod
1021 1975 1177 2013 extunc
1208 1970 1352 2013 licebit
1381 1970 1503 2013 nobis
1532 1969 1698 2025 prefato
1727 1969 1824 2012 duci
1855 1973 1898 2011 et
1927 1969 2153 2012 heredibus

202 2068 357 2112 nostris
392 2067 437 2109 in
477 2066 666 2123 predicto
702 2064 947 2108 molendino
988 2078 1084 2106 cum
1125 2062 1322 2105 omnibus
1357 2062 1444 2104 suis
1478 2061 1751 2118 pertinenciis
1786 2061 1993 2103 reintrare
2029 2063 2071 2103 et
2106 2061 2152 2103 in

206 2160 436 2218 pristinum
476 2156 682 2214 statu[m]
727 2156 922 2207 retinere,
963 2154 1047 2197 hiis
1086 2154 1220 2196 literis
1259 2153 1414 2196 nostris
1454 2152 1700 2209 patentibus
1739 2167 1824 2195 non
1874 2151 2153 2195 obstantibus.

207 2253 264 2296 In
285 2252 417 2307 cujus,
436 2254 513 2293 etc.

265 2345 443 2394 Datum,
466 2344 558 2394 etc„
581 2343 709 2382 xxm0·
732 2338 800 2381 die
823 2336 1047 2380 Februarii
1068 2351 1180 2379 anno
1200 2336 1324 2392 regni
1344 2335 1479 2391 Regis
1500 2334 1705 2377 HENRICI
1729 2349 1812 2378 vm.
1837 2335 2032 2377 secundo.

272 2434 565 2477 Endorsed—⁴
580 2432 609 2475 J
612 2446 744 2488 asper,
767 2429 895 2472 Duke
917 2429 962 2471 of
983 2428 1189 2480 Bedford,
1211 2442 1257 2469 as
1275 2430 1319 2470 to
1340 2426 1531 2483 Kenfig.’

1016 2520 1063 2555 (l)
1108 2518 1268 2555 Scituant,
1291 2516 1359 2546 MS.

640 2579 688 2615 (2)
732 2575 895 2614 ‘Pipider’
912 2575 937 2604 is
953 2575 1003 2603 for
1017 2574 1072 2603 the
1089 2574 1228 2604 familiar
1243 2573 1463 2611 ‘piepowder’
1479 2574 1512 2602 of
1535 2573 1662 2603 ancient
1678 2573 1749 2602 law.
