2362 3392
1876 215 1987 256 1657

983 521 1166 565 MOOX.

100 628 275 673 GRAN
278 628 315 672 Τ
365 628 452 671 BY
501 627 792 671 RIGHARD
851 628 934 671 ΑΡ
984 628 1220 673 HOWEL
1269 626 1590 672 VAUGHAN
1641 626 1775 669 AND
1830 626 2044 679 ALIVA,

245 720 352 763 HIS
389 719 573 772 WIFE,
605 719 681 762 ΤΟ
715 719 1009 764 WILLIAM
1050 718 1312 762 RAGLAN
1347 718 1482 762 AND
1523 717 1905 770 ELIZABETH,
1937 717 2046 760 HIS

245 811 428 864 WIFE,
461 811 539 853 OF
569 810 745 854 LAND
776 810 849 853 IN
884 809 1364 854 LANBLETHIAN.

904 918 1084 975 [CARNE
1129 917 1248 975 MS]

1276 1009 1302 1050 8
1334 1008 1435 1051 ΟοΤ.
1497 1008 1523 1049 3
1555 1007 1683 1049 Enw.
1716 1006 1799 1050 IV.
1863 1007 1988 1049 1463.

157 1117 302 1161 Sciant
321 1120 535 1173 presentes
555 1120 598 1159 et
618 1117 755 1159 futuri
776 1118 889 1172 quod
909 1131 985 1159 nos
1006 1116 1240 1158 RmARsz
1261 1131 1314 1172 ap
1336 1115 1544 1158 HOWELL
1568 1114 1804 1158 VAUGHAN
1833 1116 1876 1156 et
1895 1113 2051 1156 ALIVA

101 1223 209 1251 uxor
242 1223 337 1250 mea
372 1208 462 1250 filia
492 1210 535 1250 et
565 1207 685 1250 heres
718 1207 747 1250 J
750 1221 908 1249 ANKYN
930 1206 1137 1250 WALSHE
1170 1207 1364 1248 dedimus
1396 1205 1675 1248 concessimus
1702 1207 1745 1247 et
1765 1204 1844 1246 hac
1865 1204 2052 1259 presenti

103 1303 217 1342 carta
258 1304 402 1342 nostra
434 1298 774 1342 confirmavimus
807 1297 1064 1342 WILLELMO
1087 1298 1281 1340 RAGLAN
1310 1303 1353 1339 et
1373 1296 1668 1338 ELIZABETHE
1688 1295 1812 1337 uxori
1833 1294 1926 1351 ejus
1947 1296 2053 1337 duos

101 1390 233 1433 tostos
258 1391 343 1432 duo
374 1390 555 1446 gardina
586 1392 629 1431 et
649 1390 755 1431 duas
775 1403 891 1430 acras
910 1388 1023 1444 prati
1045 1403 1141 1430 cum
1160 1388 1432 1443 pertinentiis
1452 1388 1497 1429 in
1519 1387 1856 1429 LANBLETHIAN
1877 1386 2054 1428 insimul

98 1481 286 1538 jacentes
335 1481 381 1523 in
430 1482 550 1536 parte
601 1480 780 1522 australi
829 1478 896 1521 vie
947 1479 1140 1521 ducentis
1190 1480 1242 1521 de
1292 1478 1629 1521 LANBLETHIAN
1680 1477 1870 1533 predicta
1911 1491 2056 1519 versus

107 1571 351 1613 Oowssmen
387 1571 500 1613 inter
531 1570 719 1613 rivulum
752 1585 805 1611 ex
837 1572 957 1625 parte
990 1569 1186 1611 orientali
1221 1573 1261 1611 et
1283 1569 1396 1611 viam
1428 1584 1556 1625 quam
1578 1568 1863 1612 WILLELMUS
1897 1567 2055 1610 CARNE

101 1665 220 1705 tenet
240 1661 401 1704 ibidem
422 1677 475 1704 ex
495 1664 615 1718 parte
640 1661 903 1703 occidentali.
966 1660 1231 1703 Habendum
1252 1663 1294 1702 et
1314 1660 1548 1702 tenendum
1569 1659 1779 1715 predictos
1800 1659 1906 1700 duos
1926 1659 2056 1700 tostos

103 1754 187 1796 duo
217 1753 398 1809 gardina
430 1756 473 1796 et
505 1754 611 1795 duas
641 1768 757 1795 acras
777 1753 889 1808 prati
910 1767 1007 1794 cum
1035 1752 1304 1808 pertinentiis
1324 1752 1493 1808 prefato
1514 1751 1774 1795 WILLELMO
1795 1750 1991 1792 RAGLAN
2013 1753 2054 1793 et

103 1844 396 1887 Emzfflmm:
413 1845 537 1887 uxori
558 1844 652 1901 ejus
673 1847 714 1886 et
735 1843 961 1886 heredibus
975 1847 1018 1885 et
1031 1844 1258 1899 assignatis
1272 1843 1452 1899 predicti
1469 1842 1721 1886 WILLELMI
1739 1843 1790 1884 de
1805 1841 2058 1897 capitalibus

101 1936 284 1978 dominis
315 1935 431 1977 feodi
450 1935 566 1977 illius
586 1950 660 1991 per
690 1934 864 1977 servicia
884 1934 984 1976 inde
1015 1933 1158 1976 debita
1191 1938 1234 1976 et
1270 1935 1321 1976 de
1354 1934 1450 1989 jure
1486 1937 1685 1975 consueta
1715 1933 2054 1987 imperpetuum.

103 2025 164 2068 Et
202 2041 279 2068 nos
317 2041 416 2068 vero
455 2025 612 2081 prefati
653 2025 885 2068 RICARDUS
926 2028 968 2067 et
1015 2025 1168 2067 ALIVA
1209 2028 1251 2066 et
1290 2024 1465 2066 heredes
1504 2023 1638 2066 nostri
1681 2023 1890 2078 predictos
1930 2023 2059 2064 toftos

105 2117 285 2172 gardina
306 2119 348 2159 et
368 2119 491 2172 prata
511 2131 607 2158 cum
627 2115 896 2172 pertinentiis
916 2115 1082 2171 prefato
1107 2114 1366 2158 WILLELMo
1387 2117 1430 2157 et
1449 2114 1744 2156 ELIZABETHE
1765 2112 1991 2155 heredibus
2012 2115 2054 2155 et

104 2207 329 2263 assignatis
348 2207 481 2263 ipsius
503 2206 752 2250 WILLELMI
774 2210 921 2249 contra
942 2221 1087 2249 omnes
1108 2209 1257 2262 gentes
1277 2205 1649 2248 warantizabimus
1670 2207 1712 2246 et
1737 2205 2053 2260 imperpetuum

105 2298 394 2341 defendemus.
456 2299 511 2341 In
544 2298 666 2354 cujus
697 2299 759 2341 rei
790 2298 1084 2341 testimonium
1113 2298 1213 2340 huic
1243 2297 1429 2354 presenti
1450 2299 1562 2339 carte
1582 2298 1725 2338 nostre
1747 2295 1888 2352 sigilla
1908 2297 2053 2337 nostra

105 2390 387 2445 apposuimus.
450 2389 552 2431 Hiis
587 2389 765 2431 testibus
787 2421 793 2427 .
819 2389 848 2432 J
851 2403 1037 2431 OHANNE
1070 2388 1298 2431 HERBERT
1323 2423 1332 2431 .
1355 2388 1383 2431 J
1387 2402 1574 2430 oHANNE
1596 2387 1766 2429 BAssm
1797 2385 2019 2441 armigeris
2041 2420 2050 2428 .

104 2480 295 2523 JANKYN
331 2480 586 2522 FFLEMYNG
619 2514 627 2522 .
660 2480 868 2522 HOWELL
902 2480 1058 2523 CARNE
1095 2480 1363 2536 gentilmen.
1397 2478 1426 2521 J
1432 2493 1547 2521 EVAN
1583 2477 1767 2520 TAYLOR
1800 2476 2052 2519 .JOHANNE

108 2571 312 2615 WILKYN
337 2605 345 2613 .
368 2571 521 2613 DAvm
542 2586 596 2627 ap
617 2570 879 2613 LLEWELYN
903 2605 911 2613 .
935 2573 978 2613 et
997 2571 1144 2613 multis
1165 2570 1271 2612 aliis.

163 2663 328 2705 Datum
362 2663 476 2718 apud
509 2662 847 2704 LANBLETHIAN
881 2664 1027 2704 octavo
1049 2661 1117 2703 die
1154 2661 1348 2704 Octobris
1369 2675 1481 2702 anno
1502 2659 1626 2716 regni
1661 2658 1796 2715 Regis
1825 2658 2053 2700 EDWARDI

107 2753 249 2809 quarti
268 2756 363 2809 post
384 2755 662 2809 conquestum
681 2752 823 2795 tercio.

167 2843 259 2886 The
279 2847 363 2886 two
384 2844 490 2886 seals
510 2858 580 2886 are
601 2843 791 2899 missing.

306 3099 383 3134 9H
