2912 4368
2219 687 2329 728 2061

442 895 627 950 presenti
648 897 763 937 carta
782 909 876 936 mea
897 894 1119 936 indentata
1140 894 1386 936 confirmavi
1416 893 1445 936 J
1450 907 1597 935 EVANO
1619 908 1672 948 ap
1695 892 1917 935 WILLIAM
1940 892 2070 935 fratre
2101 893 2303 935 HowELL
2334 894 2386 935 de

441 984 612 1028 SANCTO
643 985 889 1027 MICHAELE
912 984 1099 1040 predicto
1129 1000 1331 1041 generoso
1363 988 1404 1026 et
1436 983 1689 1027 ernAELMO
1709 998 1762 1039 ap
1784 983 1813 1025 J
1817 997 1933 1025 EVAN
1956 984 2087 1026 VAcn
2110 983 2316 1039 parochiae
2344 987 2386 1027 et

443 1076 666 1119 comitatus
717 1076 896 1131 predicti
949 1075 1245 1117 husbandman
1287 1075 1429 1117 omnia
1468 1074 1542 1116 illa
1593 1077 1724 1116 terras
1773 1074 2010 1129 messuagia
2061 1078 2102 1115 et
2142 1076 2386 1116 tenementa

445 1167 636 1209 redditus
687 1166 860 1208 servicia
910 1181 1085 1222 pascuas
1124 1171 1317 1222 pasturas
1356 1165 1500 1207 boscos
1541 1164 1762 1206 subboscos
1802 1167 1935 1206 terras
1975 1179 2127 1207 vacuas
2167 1180 2262 1206 eum
2301 1165 2387 1207 suis

442 1257 713 1313 pertinenciis
741 1258 854 1312 quod
878 1256 1012 1299 habeo
1039 1257 1085 1298 in
1114 1255 1311 1311 parochia
1346 1256 1397 1297 de
1419 1255 1589 1297 SANcTO
1619 1254 1865 1296 MICHAELE
1894 1255 2082 1310 predicto
2108 1255 2154 1296 in
2186 1255 2389 1297 comitatu

446 1347 732 1389 GLAMORGAN
764 1347 1004 1402 ubieunque
1025 1347 1212 1403 jacentes
1232 1346 1345 1388 infra
1367 1345 1609 1401 parochiam
1639 1346 1871 1400 predictam
1908 1361 1989 1401 que
2020 1346 2190 1401 quidem
2213 1352 2385 1389 vocatur

446 1438 683 1481 GYVYLcm
705 1438 884 1480 dimidia
904 1438 1031 1480 unius
1052 1438 1285 1480 tenementi
1306 1437 1442 1479 vocati
1475 1436 1682 1479 GLEsLYN
1704 1437 1817 1492 quod
1838 1441 1960 1479 teneo
1983 1438 2109 1479 simul
2129 1437 2387 1480 WILLELMO

444 1529 638 1571 Powmffi
671 1529 716 1571 in
749 1544 970 1571 commune
1007 1532 1048 1571 et
1081 1529 1307 1585 paroessam
1337 1532 1461 1571 terrae
1492 1528 1536 1569 in
1568 1529 1751 1583 quodam
1783 1529 1871 1570 1000
1902 1528 2060 1570 ibidem
2091 1531 2237 1570 vocata
2262 1529 2386 1571 Focfl

446 1620 649 1662 THOMAs.
712 1620 976 1662 Habendum
1012 1623 1055 1661 et
1090 1621 1323 1662 tenendum
1345 1619 1488 1661 omnia
1523 1622 1564 1661 et
1598 1620 1767 1675 singula
1789 1620 1977 1675 predicta
1997 1623 2129 1661 terras
2150 1620 2388 1677 messuagia

447 1714 489 1753 et
510 1714 753 1753 tenementa
769 1710 962 1752 redditus
976 1711 1148 1752 servicia
1169 1714 1290 1766 prata
1311 1715 1503 1766 pasturas
1519 1710 1662 1752 boscos
1676 1709 1897 1751 subboseos
1911 1725 2005 1752 cum
2022 1711 2106 1752 suis
2120 1711 2388 1766 pertinenciis

445 1802 622 1858 prefatis
655 1802 683 1844 J
689 1816 836 1843 EVANO
870 1817 923 1856 ap
967 1801 1187 1844 WILLIAM
1237 1802 1367 1843 fratre
1400 1801 1601 1843 HOWELL
1633 1805 1674 1843 et
1707 1800 1959 1843 GWILELMO
1991 1817 2043 1857 ap
2074 1802 2103 1844 J
2107 1817 2225 1844 EVAN
2256 1802 2387 1846 VAcH

446 1893 671 1935 heredibus
704 1896 745 1934 et
778 1892 1005 1946 assignatis
1042 1892 1127 1934 suis
1164 1893 1207 1934 in
1242 1896 1493 1948 perpetuum
1525 1894 1576 1933 de
1613 1892 1783 1947 capitali
1815 1893 1987 1935 domino
2023 1892 2137 1935 feodi
2170 1893 2284 1935 illius
2318 1909 2391 1949 per

446 1984 636 2026 redditus
658 1987 699 2025 et
722 1984 895 2025 servicia
915 1983 1014 2025 inde
1036 1984 1152 2038 prius
1178 1983 1321 2025 debita
1343 1988 1382 2025 et
1403 1983 1499 2039 jure
1521 1988 1719 2025 consueta
1740 1985 1794 2025 ad
1816 1984 1952 2026 solum
1975 2000 2078 2039 opus
2099 1988 2141 2026 et
2162 2000 2285 2026 usum
2307 1986 2389 2027 mei

445 2074 601 2130 prefati
623 2074 845 2117 WILLIAM
873 2074 1029 2116 DAvm
1052 2073 1273 2117 W11,121AM
1295 2075 1475 2116 durante
1498 2075 1585 2116 vita
1608 2090 1699 2116 mea
1727 2074 1883 2130 absque
1915 2076 2180 2130 impetitione
2209 2076 2391 2132 alicujus

445 2166 553 2207 vasti
574 2171 615 2207 et
637 2170 731 2221 post
752 2167 966 2207 decessum
988 2165 1071 2207 mei
1102 2165 1279 2220 predicti
1302 2164 1523 2208 WierAM
1556 2166 1713 2207 Dum
1736 2165 1957 2209 WILLIAM
1980 2167 2033 2207 ad
2055 2166 2192 2208 solum
2223 2182 2327 2222 opus
2348 2171 2389 2209 et

446 2272 570 2299 usum
603 2256 782 2312 predicti
815 2256 969 2297 DAvm
1005 2272 1056 2311 ap
1095 2255 1315 2298 WILLIAM
1353 2256 1431 2297 filii
1462 2256 1544 2297 mei
1566 2259 1608 2297 et
1640 2256 1854 2298 Ewmms
1876 2257 1999 2298 vereh
2023 2257 2228 2298 HOWELL
2251 2258 2392 2299 uxoris

444 2362 529 2389 suae
552 2351 593 2389 et
614 2347 817 2389 heredum
840 2347 941 2389 dicti
965 2347 1118 2388 Dum
1140 2348 1191 2389 de
1214 2362 1383 2402 corpore
1405 2347 1514 2388 dicte
1536 2347 1751 2388 Ewmms
1772 2348 1963 2403 legitime
1983 2352 2295 2403 procreatorum
2318 2364 2390 2390 seu

445 2440 798 2496 procreandorum
815 2442 857 2480 et
870 2454 943 2494 per
960 2439 1173 2480 defectum
1189 2438 1340 2479 talium
1358 2437 1562 2479 heredum
1583 2439 1636 2479 ad
1651 2454 1755 2493 opus
1771 2442 1813 2480 et
1828 2454 1951 2480 usum
1965 2443 2174 2481 rectorum
2187 2439 2390 2482 heredum

444 2531 528 2572 mei
550 2531 652 2573 dicti
675 2530 895 2573 WILLIAM
918 2530 1068 2571 DAvu)
1092 2529 1314 2573 WlnLiAM
1337 2529 1381 2570 in
1403 2532 1654 2584 perpetuum
1679 2530 1731 2571 de
1753 2530 1923 2584 capitali
1946 2530 2117 2572 domino
2138 2531 2254 2572 feodi
2274 2531 2390 2573 iliius

443 2637 518 2677 per
547 2621 737 2663 redditus
767 2624 809 2662 et
840 2620 1013 2662 servicia
1034 2620 1133 2662 inde
1162 2620 1278 2675 prius
1298 2619 1438 2661 debita
1461 2624 1502 2661 et
1524 2621 1575 2661 de
1595 2620 1691 2675 jure
1713 2624 1922 2662 consueta.
1987 2620 2046 2662 Et
2068 2636 2146 2677 ego
2168 2637 2265 2663 vere
2296 2637 2387 2677 pre-

443 2714 580 2756 dictus
611 2713 833 2756 VVILLIAM
870 2711 1024 2753 DAvn)
1047 2711 1268 2754 WILLIAM
1307 2715 1348 2753 et
1381 2711 1553 2752 heredes
1589 2710 1671 2752 mei
1693 2711 1903 2766 predictas
1925 2713 2056 2752 terras
2077 2712 2315 2768 messuagia
2346 2716 2387 2755 et

443 2807 686 2847 tenementa
721 2818 817 2846 cum
850 2803 945 2845 aliis
978 2802 1190 2857 premissis
1226 2807 1268 2844 et
1305 2801 1486 2856 singulis
1518 2801 1601 2842 suis
1632 2801 1904 2856 pertinenciis
1933 2802 2099 2856 prefato
2129 2802 2311 2845 JEVANO
2332 2819 2385 2860 ap

443 2895 666 2939 WILLIAM
697 2894 829 2937 fratre
861 2893 1068 2935 Howssm
1090 2896 1132 2935 et
1164 2891 1416 2934 GWILELMO
1437 2907 1491 2947 ap
1522 2892 1549 2934 J
1557 2906 1674 2933 EVAN
1697 2892 1828 2936 VACH
1850 2893 2075 2936 heredibus
2097 2898 2138 2936 et
2160 2895 2386 2952 assignatis

443 2987 530 3030 suis
543 2986 587 3028 in
603 2986 741 3028 forma
756 2984 945 3040 predicta
966 2986 1008 3026 et
1029 2999 1114 3025 non
1137 2983 1259 3025 aliter
1273 2986 1418 3025 contra
1432 2998 1577 3024 omncs
1593 2986 1741 3038 gentes
1758 2984 2146 3026 warrantizabimus
2167 2988 2208 3027 et
2230 2986 2381 3042 imper-

441 3081 618 3134 petuum
654 3077 929 3119 defendemus
964 3090 1039 3130 per
1071 3077 1295 3129 presentes.
1374 3073 1428 3115 In
1469 3074 1536 3129 cuj
1544 3089 1591 3115 us
1632 3074 1691 3116 rei
1732 3075 2022 3116 testimonium
2064 3075 2161 3117 huic
2198 3079 2382 3131 presenti

441 3170 598 3212 chartae
618 3183 724 3210 meae
745 3168 978 3209 indentatae
1000 3166 1190 3221 sigillum
1210 3180 1353 3207 meum
1374 3165 1563 3220 apposui.

498 3252 663 3294 Datiun
703 3250 853 3305 quinto
893 3248 961 3290 die
1002 3247 1192 3304 Augusti
1232 3263 1343 3289 anno
1384 3247 1506 3303 regni
1545 3247 1851 3288 ELIZABETHAE
1888 3247 1971 3288 Dei
2010 3248 2149 3302 gratia
2188 3248 2384 3292 ANGLIAE

441 3342 658 3384 FRANCIAE
679 3343 721 3382 et
742 3339 995 3381 HIBERNIAE
1016 3338 1198 3394 Reginae
1220 3338 1318 3380 fidei
1340 3338 1573 3380 defensoris
1594 3340 1670 3379 010.
1691 3340 1820 3379 sexte.

495 3431 788 3472 Endorsed—-‘
803 3428 1050 3484 sigillatum
1100 3434 1142 3471 et
1193 3429 1473 3471 deliberatum
1524 3428 1608 3470 fuit
1658 3432 1770 3470 retro
1821 3429 2024 3483 scriptum
2075 3429 2118 3470 in
2169 3431 2380 3484 presentia

436 3522 465 3565 J
468 3521 646 3564 ohannis
668 3520 852 3562 Thomas
875 3553 883 3562 .
908 3519 1093 3562 Thomas
1115 3535 1168 3574 ap
1191 3519 1386 3562 Wissiam
1410 3552 1417 3560 .
1444 3518 1624 3561 Gwelim
1649 3518 1708 3574 [Ρ]
1734 3534 1787 3574 ap
1809 3518 1926 3561 John
1947 3522 1989 3561 et
2011 3518 2196 3561 Gralfridi
2220 3520 2337 3563 Goz.'
