2912 4368
2146 690 2253 730 1991

1202 894 1480 938 MGCOGVI.

365 1001 741 1049 QUIT-OLAIM
794 1001 879 1043 BY
931 1001 1267 1044 GEOFFREY
1317 1002 1399 1044 ΑΡ
1450 1002 1665 1045 HOELL
1711 1002 1789 1045 OF
1831 1002 2311 1045 LLAN-GYNWYD

508 1100 641 1143 AND
693 1100 1000 1142 PHELICIA
1051 1100 1159 1142 HIS
1201 1100 1370 1143 WIFE
1412 1102 1487 1144 ΤΟ
1540 1102 1743 1145 DAVID
1795 1102 1875 1144 ΑΡ
1926 1101 2183 1144 THOMAs
2235 1102 2313 1143 OF

507 1201 550 1242 A
600 1199 949 1242 TENEMENT
1009 1199 1255 1242 OALLED
1317 1200 1573 1243 ARGOED
1635 1202 1812 1245 AVAN
1874 1201 1946 1244 IN
2007 1201 2137 1243 THE
2189 1200 2311 1242 FEE

507 1299 585 1341 OF
636 1298 982 1341 TIR-JARLL’
1036 1298 1105 1340 IN
1156 1299 1286 1341 THE
1339 1300 1575 1343 PARISH
1628 1301 1705 1343 OF
1756 1300 2251 1344 LLAN-GYNWYD.

1078 1415 1308 1471 [MARGAM
1342 1414 1597 1473 CHARTER]

1416 1508 1470 1548 20
1503 1509 1701 1549 AUGUST.
1764 1510 1791 1549 4
1822 1507 1945 1549 Enw.
1982 1507 2063 1551 VI.
2130 1509 2252 1549 1550.

419 1622 629 1665 Omnibus
651 1622 838 1664 OHmsTi
862 1622 1059 1665 fidelibus
1079 1623 1133 1664 ad
1156 1637 1259 1677 quos
1280 1637 1451 1678 presens
1472 1623 1675 1678 scriptum
1706 1625 1946 1678 pervenerit
1974 1623 2235 1665 GALFR1nus
2257 1639 2311 1678 ap

360 1714 522 1756 Hom
563 1714 758 1769 parochie
799 1715 850 1755 de
892 1713 1253 1756 LLAN-Gx-van
1307 1715 1351 1755 in
1402 1715 1607 1756 comitatu
1659 1714 2020 1757 GLAMORGANCIE
2070 1730 2228 1770 yoman
2269 1722 2310 1756 et

362 1804 585 1847 Pmmcm
610 1821 702 1847 verz
726 1805 839 1847 RICE
862 1820 969 1847 uxor
990 1820 1084 1846 mea
1107 1806 1286 1847 salutem
1308 1807 1350 1847 in
1375 1807 1547 1847 domino
1570 1807 1884 1861 sempiternam.

418 1895 463 1938 N
466 1896 636 1938 overitis
657 1911 733 1938 nos
754 1896 940 1951 prefatos
963 1895 1240 1938 GALFRIImM
1263 1901 1305 1938 et
1328 1896 1587 1938 PHELICIAM
1610 1897 1816 1939 remisisse
1837 1898 2046 1939 relaxasse
2071 1902 2112 1939 et
2137 1898 2311 1940 omnino

359 2001 434 2041 pro
467 1986 588 2028 nobis
625 1992 665 2028 et
700 1987 926 2029 heredibus
960 1987 1114 2028 nostris
1154 1987 1469 2043 imperpetuum
1510 1988 1702 2043 quietiun
1743 1988 1942 2030 clamasse
1983 2003 2056 2043 per
2096 1992 2310 2043 presentes

360 2077 514 2119 DAvm
555 2093 607 2133 ap
650 2077 839 2119 Tfloms
874 2078 917 2119 in
955 2093 1029 2119 sua
1066 2079 1192 2132 plena
1229 2083 1269 2119 et
1305 2078 1476 2133 pacifica
1509 2079 1766 2133 possessione
1802 2079 2001 2121 existenti
2023 2079 2248 2121 heredibus
2269 2084 2310 2121 et

357 2169 582 2224 assignatis
616 2169 701 2210 suis
734 2169 1049 2223 imperpetuum
1078 2172 1216 2210 totum
1248 2169 1318 2223 jus
1341 2173 1532 2211 nostrum
1561 2170 1738 2211 titulum
1760 2170 1967 2212 clameum
1990 2171 2245 2212 demandam
2267 2176 2309 2212 et

357 2259 557 2301 interesse
589 2275 670 2314 que
702 2274 913 2314 uncquam
945 2259 1149 2301 habemus
1182 2259 1408 2301 habuimus
1439 2275 1512 2301 seu
1533 2260 1807 2315 quovismodo
1828 2260 1982 2302 habere
2002 2261 2234 2316 poterimus
2264 2262 2310 2303 in

358 2350 555 2393 futurum
586 2351 651 2392 vel
683 2351 869 2405 poterint
900 2351 1073 2392 heredes
1104 2351 1236 2392 nostri
1269 2352 1320 2392 de
1352 2356 1391 2392 et
1428 2351 1471 2391 in
1509 2366 1593 2392 uno
1629 2355 1872 2393 tenemento
1909 2367 2005 2393 cum
2038 2353 2234 2395 omnibus
2266 2357 2309 2394 et

359 2442 540 2497 singulis
562 2443 646 2483 suis
668 2442 936 2497 pertinentiis
958 2446 1103 2484 vocato
1127 2442 1319 2483 ARGOED
1336 2442 1488 2483 AvAN'
1511 2457 1647 2496 nuper
1668 2443 1712 2483 in
1734 2442 1930 2485 manibus
1953 2443 2055 2485 R101
2079 2458 2131 2498 ap
2153 2444 2310 2486 DAvm

358 2548 411 2587 ap
432 2533 461 2575 J
466 2547 623 2574 ANKYN
645 2533 812 2588 jacente
834 2539 875 2574 et
898 2534 1104 2574 existente
1126 2533 1171 2574 in
1193 2533 1317 2575 feodo
1339 2535 1391 2574 de
1423 2532 1510 2574 Tm
1538 2533 1567 2575 J
1570 2534 1696 2574 ARLL'
1729 2534 1774 2574 in
1805 2534 2004 2589 parochia
2034 2540 2077 2576 et
2107 2535 2311 2577 comitatu

359 2624 608 2678 supradictis
639 2639 713 2679 per
744 2639 839 2665 suas
869 2624 1066 2679 antiquas
1097 2629 1250 2665 mettas
1281 2628 1323 2665 et
1361 2624 1522 2665 bondas
1566 2657 1572 2665 .
1618 2623 1687 2666 Ita
1729 2625 1923 2667 videlicet
1964 2627 2078 2680 quod
2118 2641 2193 2668 nec
2233 2642 2309 2668 nos

357 2715 535 2771 predicti
558 2714 869 2771 GALFR1D[US]
896 2721 938 2756 et
960 2715 1185 2756 Famam
1208 2730 1315 2756 uxor
1336 2730 1429 2756 mea
1450 2729 1526 2756 nec
1548 2715 1722 2756 heredes
1743 2715 1875 2758 nostri
1908 2731 1983 2757 nec
2014 2716 2169 2772 aliquis
2199 2717 2308 2759 alius

358 2821 432 2862 per
452 2822 527 2849 nos
558 2822 633 2862 pro
665 2806 787 2848 nobis
819 2821 891 2848 seu
920 2807 1092 2848 nomine
1124 2810 1265 2848 nostro
1298 2806 1471 2860 aliquod
1501 2806 1572 2860 jus
1602 2806 1779 2848 titulum
1810 2807 2018 2849 clameum
2049 2808 2306 2850 demandam

357 2912 430 2939 seu
452 2898 649 2939 interesse
670 2899 723 2939 de
745 2901 819 2939 aut
841 2897 886 2939 in
908 2898 1021 2939 dicto
1041 2901 1284 2938 tenemento
1307 2912 1403 2939 cum
1431 2896 1627 2939 omnibus
1648 2900 1691 2939 et
1711 2898 1892 2953 singulis
1922 2898 2007 2940 suis
2037 2899 2306 2953 pertinentiis

358 3003 494 3043 neque
515 2989 560 3029 in
583 2989 726 3043 aliqua
755 2988 855 3029 inde
886 2988 1069 3042 parcella
1101 2988 1167 3028 vel
1194 2991 1314 3042 parte
1345 2988 1575 3029 eorundem
1606 2989 1796 3030 decetero
1826 2988 1996 3044 exigere
2027 2989 2207 3030 clamare
2238 2990 2305 3031 vel

357 3079 578 3121 vendicare
599 3079 831 3133 poterimus
852 3093 929 3120 nec
950 3078 1152 3120 debemus
1180 3078 1453 3133 quovismodo
1476 3078 1520 3120 in
1546 3078 1742 3120 futurum
1776 3113 1782 3120 .
1817 3078 1901 3121 Sed
1923 3079 1975 3121 ab
1997 3080 2113 3122 omni
2134 3080 2301 3122 accione

357 3169 465 3224 juris
485 3169 601 3211 tituli
633 3169 783 3210 clamei
814 3170 1022 3210 demande
1053 3174 1096 3211 et
1126 3170 1325 3211 interesse
1356 3169 1401 3209 in
1432 3169 1589 3210 eisdem
1622 3171 1752 3211 simus
1776 3170 1947 3225 penitus
1968 3171 2125 3213 exclusi
2146 3171 2300 3226 imper-

354 3264 530 3316 petuum
551 3276 625 3315 per
646 3263 861 3315 presentes
895 3294 902 3302 .
938 3260 998 3302 Et
1018 3275 1094 3302 nos
1117 3276 1212 3302 vero
1234 3261 1390 3316 prefati
1413 3260 1676 3303 GALFRIDUS
1698 3265 1741 3302 et
1769 3261 1993 3303 PHELmIA
2015 3277 2121 3304 uxor
2141 3277 2235 3304 mea
2257 3267 2298 3305 et

354 3351 528 3393 heredes
554 3351 688 3393 nostri
715 3351 953 3406 predictum
984 3355 1276 3393 tenementum
1302 3366 1397 3393 cum
1426 3351 1622 3393 omnibus
1652 3355 1693 3393 et
1722 3351 1902 3407 singulis
1926 3352 2012 3394 suis
2031 3353 2299 3407 pertinentiis

356 3442 520 3496 prefato
550 3441 702 3483 DAvn)
727 3441 951 3483 heredibus
983 3445 1025 3483 et
1051 3442 1276 3498 assignatis
1302 3442 1387 3484 suis
1410 3446 1555 3484 contra
1580 3457 1726 3484 omnes
1753 3446 1902 3498 gentes
1930 3444 2297 3488 warantizabimus

1732 4099 1761 4105 ,λ
1799 4104 1807 4107 ἢ
1987 4093 1998 4097 -
2016 4095 2070 4101 -uir
2097 4095 2099 4098 Α
2183 4093 2221 4104 ,γ’
2343 4099 2345 4101 ,
2375 4084 2457 4105 ms„
2469 4095 2554 4108 «ιγ,
2615 4103 2643 4105 7,
2772 4101 2818 4111 <a
2837 4104 2863 4109 Α,

1608 4146 1610 4149 .
1655 4145 1664 4151 0
1691 4140 1735 4146 —m—
1758 4132 1781 4138 ·’
1953 4132 1980 4137 ¹·
2003 4135 2008 4147 a
2041 4133 2113 4148 .··”<,
2140 4140 2206 4149 ,ω
2241 4145 2243 4148 .
2299 4142 2358 4151 ..w
2395 4140 2468 4150 «μ...
2506 4142 2510 4147 ,
2565 4143 2567 4146 ,
2664 4150 2669 4152 .
2699 4149 2702 4152 ῃ
2741 4148 2758 4153 γ’
2793 4129 2911 4153 'paq-tq-

1478 4159 1506 4168 ··
1548 4141 1766 4197 1.
1816 4166 1831 4181 τ
1894 4167 1895 4171 =
1946 4140 2905 4197 ffijffiwwmssffi
