2362 3392
1997 226 2108 268 1857

216 437 481 481 Habendum
511 440 553 480 et
583 437 818 480 tenendum
857 437 1096 492 predictum
1125 439 1417 480 tenementum
1448 450 1543 479 cum
1574 434 1770 478 omnibus
1801 434 1923 477 terris
1956 434 2089 490 pratis
2124 435 2167 475 et

217 529 400 584 pasturis
429 529 568 572 eidem
598 531 844 571 tenemento
875 528 1188 585 pertinentibus
1218 544 1243 570 a
1272 528 1381 571 festo
1412 526 1559 571 Sancti
1589 526 1732 568 PETRI
1764 525 1943 582 apostoli
1972 526 2165 582 proximo

215 620 362 663 futuro
383 622 478 676 post
499 621 650 663 datum
670 619 933 677 presentium
955 620 1093 662 eidem
1115 619 1342 662 PHILIPPO
1362 618 1588 662 heredibus
1612 622 1654 660 et
1680 617 1906 674 assignatis
1926 616 2012 659 suis
2032 631 2165 671 usque

218 711 272 753 ad
303 711 431 755 finem
463 711 687 767 sexaginta
717 711 862 753 decem
893 724 1102 752 annorum
1131 710 1422 765 proximorum
1457 708 1726 764 sequentium
1756 713 1799 749 et
1833 707 2021 763 plenarie
2055 720 2165 748 com-

216 802 470 858 plendorum
501 806 595 858 post
626 803 776 844 datum
806 801 1071 857 presencium
1102 802 1154 843 de
1185 801 1357 857 capitali
1387 801 1560 843 domino
1590 800 1706 842 feodi
1735 799 1851 841 illius
1881 814 1956 854 per
1975 798 2167 841 redditus

217 893 391 935 servicia
427 903 470 936 et
506 892 686 949 tallagia
719 893 820 935 inde
856 891 1001 934 debita
1041 893 1221 934 durante
1261 892 1443 934 termino
1483 891 1708 933 antedicto.
1791 890 2028 933 Reddendo
2067 889 2168 931 inde

217 983 442 1027 annuatim
462 983 630 1040 prefato
651 983 887 1026 EDWARDO
908 988 951 1025 et
972 983 1197 1025 heredibus
1219 983 1304 1025 suis
1325 983 1378 1025 ad
1409 982 1519 1025 festa
1549 981 1865 1037 appostolorum
1886 980 2103 1023 Pmmpm
2126 984 2169 1022 et

215 1075 245 1118 J
248 1089 375 1118 ACOBI
397 1078 440 1118 et
461 1074 607 1118 Sancti
629 1074 888 1117 MICHAELIS
910 1074 1155 1130 archangeli
1177 1074 1400 1130 sexaginta
1421 1073 1575 1116 solidos
1591 1072 1893 1129 sterlingorum
1908 1086 1983 1127 per
1998 1071 2169 1126 equales

216 1168 446 1223 porciones.
509 1167 569 1209 Et
600 1167 739 1210 dictus
770 1165 1024 1208 Pmmppns
1054 1165 1228 1208 heredes
1259 1168 1301 1207 et
1342 1165 1548 1221 assignati
1578 1165 1642 1208 sui
1673 1164 1832 1206 debent
1864 1167 2020 1206 sectam
2057 1164 2170 1206 curie

220 1258 323 1301 dicti
345 1257 571 1300 EDWARDI
594 1258 707 1313 apud
730 1256 950 1299 LLANFAY
971 1260 1013 1298 et
1033 1256 1264 1298 heriettum
1285 1270 1381 1298 cum
1402 1255 1612 1298 acciderit.
1676 1255 1736 1298 Et
1757 1255 1895 1298 dictus
1917 1254 2172 1297 Pmmpus

218 1348 394 1391 heredes
415 1352 458 1391 et
479 1349 684 1405 assignati
697 1348 764 1390 sui
785 1348 929 1390 omnia
945 1348 1110 1389 edificia
1126 1347 1319 1403 ejusdem
1339 1349 1572 1391 tenementi
1587 1349 1713 1390 modo
1735 1351 1975 1390 constructa
1990 1348 2042 1389 de
2059 1361 2172 1389 anno

220 1440 265 1483 in
297 1454 459 1483 annum
490 1441 672 1483 durante
700 1439 884 1483 termino
915 1439 1155 1495 supradicto
1190 1439 1530 1481 manutenebunt
1571 1442 1613 1482 et
1653 1438 1953 1481 sustentabunt
1992 1437 2099 1480 bene
2131 1440 2173 1480 et

219 1534 505 1587 competenter
538 1564 546 1573 .
578 1530 640 1573 Et
669 1546 718 1574 ea
748 1531 793 1572 in
824 1531 909 1573 fine
938 1531 1112 1573 termini
1143 1530 1322 1586 predicti
1353 1531 1465 1572 dicto
1495 1530 1729 1573 EnvaRno
1760 1533 1803 1572 et
1832 1529 2057 1571 heredibus
2085 1528 2171 1571 suis

220 1622 327 1666 bene
347 1626 542 1678 reparata
563 1623 607 1664 in
628 1623 750 1665 tectis
771 1626 813 1665 et
833 1621 1119 1679 parieti[bu]s
1140 1623 1370 1664 dimittent.
1434 1622 1493 1664 Et
1515 1623 1550 1664 si
1573 1622 1710 1664 dictus
1737 1621 1929 1663 redditus
1950 1620 2173 1676 sexaginta

219 1715 450 1758 solidorum
472 1729 497 1756 a
518 1719 629 1758 retro
651 1714 782 1758 fuerit
803 1715 848 1757 in
866 1719 987 1770 parte
1008 1715 1075 1756 vel
1096 1715 1141 1756 in
1159 1718 1248 1757 toto
1270 1718 1363 1769 post
1384 1714 1556 1769 aliquod
1578 1714 1809 1755 terminum
1825 1713 2171 1768 prenominatum

220 1810 268 1849 ut
298 1807 343 1848 in
375 1806 560 1849 denariis
592 1806 658 1848 vel
698 1806 1036 1849 districcionibus
1077 1806 1190 1861 quod
1221 1811 1323 1848 tunc
1354 1805 1459 1847 bene
1489 1804 1635 1847 licebit
1663 1804 1830 1860 prefato
1862 1803 2097 1845 Emvfflno
2128 1807 2169 1845 et

219 1897 445 1941 heredibus
475 1897 561 1940 suis
590 1897 636 1939 in
668 1898 780 1939 dicto
811 1902 1055 1939 tenemento
1086 1911 1182 1938 cum
1213 1896 1409 1938 omnibus
1440 1898 1562 1937 terris
1592 1895 1725 1950 pratis
1755 1898 1798 1937 et
1828 1894 2011 1949 pasturis
2032 1895 2169 1936 eidem

221 1992 463 2032 tenemento
486 1988 773 2044 spectantibus
794 1989 998 2031 reintrare
1020 1992 1062 2030 et
1083 1988 1244 2030 dictum
1266 1986 1533 2029 Pfflmppmu
1561 1986 1735 2029 heredes
1755 1989 1798 2028 et
1819 1986 2055 2041 assignatos
2076 2000 2171 2027 suos

220 2080 319 2122 inde
340 2079 548 2135 expellere
570 2079 652 2122 hiis
673 2079 837 2136 scriptis
857 2079 1091 2121 indentatis
1111 2093 1196 2120 non
1219 2078 1495 2120 obstantibus.
1559 2078 1620 2119 Et
1650 2077 1787 2119 dictus
1818 2076 2072 2119 Pmmppns
2093 2077 2166 2118 dat

219 2171 333 2214 dicto
361 2170 597 2213 EDWARDO
627 2172 680 2214 de
710 2171 902 2226 ingressu
935 2184 1022 2211 xm.
1085 2169 1143 2211 Et
1175 2170 1313 2211 dictus
1342 2169 1604 2212 EDWARDUS
1634 2174 1675 2211 et
1706 2168 1880 2211 heredes
1911 2168 1975 2210 sui
2005 2168 2167 2209 dictum

219 2265 512 2304 tenementum
534 2276 629 2304 cum
651 2261 847 2304 omnibus
867 2261 988 2303 terris
1011 2261 1143 2316 pratis
1164 2264 1206 2302 et
1226 2261 1408 2316 pasturis
1436 2261 1573 2302 eidem
1604 2265 1848 2302 tenemento
1880 2258 2167 2315 spectantibus

221 2353 359 2395 eidem
380 2352 606 2394 Pmmppo
627 2352 853 2394 heredibus
873 2356 914 2394 et
936 2352 1162 2406 assignatis
1193 2352 1277 2393 suis
1306 2353 1351 2393 in
1383 2352 1521 2394 forma
1552 2352 1740 2407 predicta
1773 2352 1954 2393 durante
1985 2350 2166 2392 termino

221 2443 434 2487 antedicto
458 2446 603 2486 contra
624 2456 768 2485 omnes
799 2445 947 2498 gentes
979 2442 1329 2484 warantizabunt.
1392 2442 1448 2484 In
1481 2443 1605 2499 cujus
1634 2443 1693 2484 rei
1715 2442 2006 2484 testimonium
2027 2444 2168 2496 partes

220 2535 405 2589 predicte
425 2533 508 2576 hiis
530 2533 769 2576 indenturis
791 2532 931 2588 sigilla
953 2547 1027 2574 sua
1049 2533 1293 2574 alternatim
1314 2537 1613 2589 apposuerunt.

277 2624 379 2667 Dat'
404 2631 512 2666 xxmo
534 2624 602 2666 die
625 2623 781 2665 mensis
802 2623 831 2665 J
834 2623 925 2664 unii
946 2638 1058 2665 anno
1079 2624 1202 2679 regni
1224 2623 1358 2680 Regis
1381 2624 1586 2666 HENRICI
1619 2625 1755 2667 octavi
1776 2627 1870 2679 post
1891 2626 2165 2678 conquestum

220 2715 416 2758 vicesimo
438 2715 631 2757 secundo.

282 2805 374 2848 One
396 2805 482 2847 seal
502 2805 548 2846 in
569 2804 643 2846 red
663 2818 770 2854 wax,
792 2803 970 2860 bearing
991 2819 1104 2846 some
1124 2806 1229 2847 rude
1250 2806 1369 2857 lines,
1391 2809 1466 2848 not
1486 2806 1686 2857 heraldic‚
1709 2821 1753 2847 as
1775 2821 1799 2847 a
1819 2806 1974 2847 device.

280 2896 573 2938 Endorsed—‘
589 2894 811 2936 Plimston.
874 2893 1110 2937 Indenture
1132 2896 1204 2937 220
1225 2895 1286 2937 H.
1310 2897 1426 2938 vl11.'

427 3126 526 3159 lon
