2362 3392
1898 287 2009 328 1937

915 489 1272 533 MOOOLXXX.

120 604 349 649 CROWN
380 605 537 647 SALE
569 604 656 647 BY
686 604 849 647 KING
881 604 1111 648 HENRY
1141 605 1277 650 VIII.
1302 605 1378 649 ΤΟ
1410 605 1512 649 SIR
1541 606 1688 649 RIOE
1720 608 2063 661 MANXELL',

262 704 421 758 KNT„
464 705 541 747 OF
583 704 714 747 THE
756 704 1013 748 MANORS
1049 705 1127 748 OF
1170 705 1428 749 HORGRO
1469 706 1604 750 AND
1650 707 1870 761 PYLLE,
1916 709 2062 760 ETG„

262 803 386 846 FOR
436 805 557 846 35642
600 805 660 846 9s.
705 805 774 845 81).

834 909 1065 967 [MARGAM
1096 911 1352 969 CHARTER.]

1197 1013 1221 1052 5
1252 1011 1372 1053 AUG.
1435 1013 1488 1053 35
1520 1012 1645 1055 Hm.
1679 1013 1815 1057 VIII.
1879 1016 2003 1057 1543.

177 1125 415 1168 HENRICUS
432 1128 603 1167 octavus
620 1125 703 1167 Dei
718 1126 860 1180 gracia
881 1126 1065 1168 ANGLOE
1083 1126 1288 1168 FRANcm
1311 1132 1353 1168 et
1375 1127 1615 1170 HIBERNIE
1641 1130 1733 1171 Rex
1755 1130 1852 1172 fidei
1869 1130 2065 1173 defensor

115 1221 158 1260 et
178 1218 223 1259 in
244 1221 355 1260 terra
377 1217 546 1259 ecclesie
576 1216 847 1258 ANGLICANE
879 1221 921 1258 et
953 1216 1217 1259 HIBERNICE
1249 1232 1494 1273 supremum
1515 1222 1643 1275 caput
1665 1220 1860 1262 omnibus
1881 1222 1935 1263 ad
1957 1237 2061 1276 quos

116 1312 330 1364 presentes
349 1307 490 1349 littere
511 1307 782 1362 pervenerint
805 1341 811 1348 .
837 1307 1032 1349 salutem.

176 1398 326 1441 Sciatis
347 1398 460 1453 quod
482 1412 557 1439 nos
578 1412 652 1452 pro
674 1412 840 1439 summa
860 1402 1153 1440 sexcentarum
1176 1400 1461 1456 quadraginta
1483 1402 1664 1444 duarum
1685 1403 1890 1446 librarum
1911 1420 2063 1447 novem

117 1489 346 1532 solidorum
368 1491 410 1530 et
431 1494 522 1530 octo
544 1488 813 1529 denariorum
836 1488 987 1544 legalis
1008 1496 1176 1531 monete
1199 1490 1381 1532 ANGLIE
1403 1493 1455 1533 ad
1479 1507 1631 1535 manus
1660 1494 1911 1537 thesaurarii
1934 1497 2064 1538 nostri

116 1581 229 1622 curie
250 1579 815 1634 nostre-augmentacionum
835 1579 1135 1621 revencionum
1158 1595 1306 1623 corone
1337 1586 1478 1624 nostre
1509 1598 1584 1638 per
1606 1584 1810 1627 dilectum
1832 1590 1873 1628 et
1895 1587 2063 1629 fidelem

116 1671 366 1713 servientem
397 1677 590 1711 nostrum
626 1670 795 1711 thmM
827 1669 1072 1712 MANXELL'
1104 1671 1285 1714 militem
1316 1674 1453 1715 soluta
1484 1676 1535 1716 de
1572 1690 1656 1730 qua
1697 1676 1869 1730 quidem
1900 1693 2065 1720 summa

118 1763 303 1804 fatemur
323 1776 399 1803 nos
420 1761 608 1816 plenarie
629 1775 714 1802 esse
737 1761 973 1803 satisfactos
994 1766 1036 1803 et
1057 1766 1322 1805 contentatos
1343 1766 1610 1820 eundemque
1634 1766 1806 1808 RmmM
1831 1768 2003 1810 heredes
2025 1772 2066 1811 et

120 1859 361 1896 executores
393 1867 487 1895 suos
517 1852 618 1894 inde
650 1852 909 1906 acquietatos
940 1857 981 1894 et
1012 1858 1260 1896 exoneratos
1291 1870 1365 1909 per
1396 1860 1608 1911 presentes
1640 1873 1804 1900 necnon
1835 1874 1911 1914 pro
1953 1864 1993 1901 et
2025 1860 2069 1902 in

119 1943 456 1986 consideracione
477 1943 578 1985 boni
600 1943 687 1984 veri
708 1948 749 1984 et
772 1943 907 1984 fidelis
929 1944 1093 1985 servicii
1114 1944 1215 1985 dicti
1247 1946 1389 1987 dilecti
1422 1947 1642 1989 servientis
1662 1949 1795 1991 nostri
1818 1949 1938 1992 nobis
1968 1956 2068 1993 ante

119 2036 194 2078 hec
215 2040 407 2090 tempora
427 2035 608 2090 impensi
629 2035 681 2076 de
703 2034 846 2089 gracia
866 2039 1010 2076 nostra
1041 2036 1211 2090 speciali
1242 2051 1289 2078 ae
1310 2052 1362 2079 ex
1394 2043 1506 2080 certa
1536 2039 1715 2082 sciencia
1745 2047 1787 2082 et
1812 2057 1927 2083 mero
1950 2048 2069 2085 motu

121 2128 273 2169 nostris
294 2127 488 2168 dedimus
509 2125 786 2167 concessimus
808 2140 854 2167 ac
876 2140 950 2180 per
970 2135 1184 2181 presentes
1206 2128 1356 2169 damus
1378 2133 1418 2170 et
1450 2131 1717 2173 concedimus
1748 2133 1912 2187 prefato
1936 2133 2066 2175 R1c10

120 2217 366 2260 MANXELL’
390 2217 533 2259 omnia
552 2217 627 2258 illa
648 2216 835 2258 maneria
856 2220 1000 2259 nostra
1021 2218 1073 2259 de
1096 2217 1292 2260 HORGRo
1314 2220 1418 2262 alias
1450 2220 1705 2263 HORGROVE
1729 2229 1769 2265 et
1795 2224 1941 2266 PYLLE
1964 2226 2068 2267 alias

123 2308 245 2350 PYLE
266 2308 311 2349 in
333 2308 536 2349 comitatu
558 2312 701 2349 nostro
724 2306 1085 2349 GLAMORGANCIE
1116 2308 1162 2349 in
1193 2308 1565 2353 SouTH-WALHA
1597 2328 1693 2355 cum
1725 2329 1867 2356 eorum
1898 2316 2066 2371 juribus

121 2399 319 2441 membris
333 2407 375 2439 et
390 2397 661 2453 pertinenciis
676 2397 880 2439 universis
896 2413 1032 2452 nuper
1047 2400 1301 2441 monasterio
1322 2401 1375 2442 de
1391 2401 1609 2443 MARGAN'
1632 2404 1677 2444 in
1693 2406 1840 2446 eodem
1861 2407 2064 2448 comitatu

120 2491 282 2531 dudum
328 2488 561 2544 spectantia
604 2493 644 2529 et
676 2488 934 2543 pertinentia
979 2504 1026 2530 ac
1072 2491 1275 2545 parcellas
1318 2493 1625 2546 possessionum
1676 2502 1717 2535 et
1766 2498 2064 2540 revencionum

121 2581 312 2636 ejusdem
333 2594 469 2635 nuper
489 2579 732 2621 monasterii
755 2580 918 2621 dudum
940 2580 1164 2621 existentia
1185 2595 1232 2623 ac
1253 2581 1385 2623 eciam
1417 2584 1560 2624 omnia
1580 2590 1622 2625 et
1653 2585 1822 2641 singula
1842 2590 2060 2644 mesuagia

122 2671 365 2714 molendina
395 2669 653 2712 columbaria
683 2670 829 2711 domos
860 2670 1024 2711 edificia
1059 2674 1192 2712 terras
1232 2675 1475 2714 tenementa
1515 2678 1637 2729 prata
1677 2690 1830 2730 pascua
1869 2684 2061 2733 pasturas

121 2762 310 2803 redditus
340 2759 596 2802 reversiones
627 2760 800 2801 servicia
830 2761 1022 2802 redditus
1052 2762 1189 2803 oneris
1229 2763 1420 2804 redditus
1456 2764 1582 2806 siccos
1623 2780 1669 2807 ac
1708 2767 1898 2810 redditus
1938 2785 2062 2826 super

121 2852 452 2907 quibuscumque
483 2850 797 2892 dimissionibus
828 2865 900 2893 seu
931 2852 1268 2895 concessionibus
1306 2859 1537 2896 reservatos
1577 2857 1819 2899 annuitates
1858 2862 2062 2904 annuales

122 2942 311 2984 redditus
326 2942 468 2983 firmas
483 2941 761 2983 feodi-firmas
777 2956 908 2996 aquas
928 2942 1126 2996 piscarias
1142 2948 1184 2984 et
1204 2944 1458 2998 piscaciones
1478 2945 1620 2988 boscos
1642 2947 1864 2991 subboscos
1883 2965 1897 3005 J
1906 2966 2062 3007 ampna

125 3032 294 3074 brueras
324 3047 461 3074 moras
491 3031 753 3073 communias
783 3031 872 3073 vias
915 3047 1044 3074 vacua
1085 3032 1221 3075 funda
1257 3034 1392 3076 curias
1432 3035 1695 3079 letas-curias
1737 3039 1920 3092 proficua
1951 3042 2065 3085 visus

330 3171 409 3204 Ios
