2912 4368
2268 617 2377 658 1735

1357 822 1560 865 MOOLI.

487 947 700 991 GRANT
761 947 848 990 BY
907 946 1164 989 THOMAS
1226 946 1600 998 WENLLONG,
1662 946 1874 989 CANON
1935 946 2013 988 OF
2073 945 2429 999 LLANDAFF,

628 1037 762 1080 AND
813 1036 1074 1089 OTHERS,
1120 1037 1196 1079 TO
1247 1037 1416 1080 JOHN
1461 1037 1718 1080 THOMAS
1770 1037 1848 1079 OF
1894 1036 2024 1079 THE
2076 1036 2301 1080 TOWER
2354 1037 2432 1079 OF

630 1127 1023 1177 OOWssRIDGE,
1066 1127 1169 1169 Erre.

1334 1235 1408 1292 [e.
1435 1236 1485 1279 e.
1510 1236 1584 1292 R]

1580 1353 1635 1393 26
1666 1351 1793 1394 SEPT.
1857 1353 1882 1392 3
1915 1351 2039 1393 HEN.
2072 1350 2181 1395 VII.
2247 1351 2371 1392 1487.

539 1460 683 1502 Sciant
712 1463 926 1515 presentes
956 1464 996 1501 et
1030 1459 1166 1501 futuri
1204 1460 1313 1514 quod
1348 1474 1424 1501 nos
1455 1460 1652 1501 dominus
1685 1459 1874 1501 THOMAS
1910 1459 2176 1503 WENLLONG
2207 1458 2431 1501 canonicus

480 1551 648 1593 ecclesie
679 1551 955 1593 cathederalis
982 1551 1068 1605 (sic)
1105 1549 1426 1592 LANDAVENSIS
1460 1550 1631 1592 diocesis
1652 1550 1730 1592 hac
1750 1550 1930 1592 vicarius
1952 1551 2003 1591 de
2034 1549 2430 1591 LANEBLETHIANE

478 1641 508 1684 J
511 1655 720 1683 OHANNES
752 1641 893 1684 WEST
925 1644 966 1683 et
999 1641 1237 1683 Ronssmvs
1275 1641 1468 1682 BEGANE
1500 1640 1730 1697 burgenses
1760 1641 1860 1683 ville
1892 1642 1943 1683 de
1986 1641 2259 1683 OOWBRIGGE
2296 1656 2433 1696 nuper

477 1732 719 1774 feoffat-ores
749 1731 995 1775 WILLELMI
1030 1731 1236 1773 PRIOURE
1266 1730 1489 1786 burgensis
1516 1731 1701 1785 predicte
1725 1731 1825 1772 ville
1854 1733 1905 1773 de
1937 1734 1979 1773 et
2006 1731 2051 1773 in
2083 1731 2279 1774 omnibus
2310 1731 2433 1774 terris

477 1825 519 1865 et
549 1822 803 1864 tenementis
833 1822 1055 1878 burgagiis
1087 1826 1129 1863 et
1165 1821 1354 1863 dimidiis
1384 1821 1604 1877 burgagiis
1634 1837 1715 1877 que
1742 1837 1878 1877 nuper
1905 1822 2132 1864 habuimus
2161 1838 2212 1863 ex
2244 1823 2354 1863 dono
2390 1824 2433 1864 et

478 1912 755 1955 feoffamento
786 1912 964 1968 predicti
996 1912 1244 1955 WILLELMI
1280 1912 1484 1953 Pmomzss
1516 1916 1566 1954 ut
1596 1912 1737 1968 jacent
1769 1914 1814 1954 in
1845 1913 1947 1955 villa
1978 1913 2165 1967 predicta
2196 1916 2284 1954 tam
2317 1912 2432 1954 infra

478 2006 620 2059 portas
661 2019 789 2059 quam
832 2006 952 2045 extra
992 2007 1135 2059 portas
1176 2004 1275 2045 ville
1316 2004 1502 2058 predicte
1544 2019 1723 2058 quorum
1765 2007 1877 2046 mete
1913 2008 1954 2045 et
1985 2003 2127 2046 bunde
2168 2007 2317 2059 patent
2359 2019 2434 2059 per

478 2098 636 2136 cartam
658 2094 918 2136 feoffamenti
941 2095 1040 2136 inde
1070 2094 1190 2136 nobis
1222 2094 1457 2136 confectam
1488 2095 1601 2135 unde
1629 2109 1704 2135 nos
1733 2095 1911 2149 predicti
1938 2094 2127 2136 THOMAS
2158 2094 2429 2137 WENLLONG

477 2185 701 2227 canonicus
734 2184 763 2227 J
767 2199 976 2226 OHANNES
999 2184 1136 2228 WEs'r
1169 2189 1209 2226 et
1241 2185 1479 2227 Rossnn'rns
1514 2185 1707 2226 BEGANE
1736 2185 1930 2226 unanimi
1957 2200 2127 2226 assensu
2156 2188 2198 2226 et
2226 2199 2430 2226 consensu

476 2276 670 2318 dedimus
688 2276 966 2317 concessimus
987 2280 1029 2317 et
1050 2276 1128 2317 hac
1150 2276 1334 2331 presenti
1358 2280 1474 2317 carta
1495 2280 1638 2317 nostra
1654 2276 1997 2318 confirmavimus
2011 2275 2039 2317 J
2043 2290 2222 2316 OHANNI
2239 2274 2428 2316 TnoMAs

476 2367 562 2409 filio
593 2367 824 2409 «IOHANNIS
860 2382 912 2422 ap
942 2366 971 2409 J
976 2381 1092 2408 EVAN
1130 2381 1182 2420 ap
1219 2366 1408 2407 Tuoms
1443 2381 1572 2408 unam
1613 2369 1772 2408 turrem
1813 2381 1908 2408 cum
1945 2366 2141 2408 omnibus
2178 2366 2430 2421 curtillagiis

473 2461 515 2500 et
542 2459 674 2499 muris
696 2457 775 2499 sibi
802 2457 1089 2513 spectantibus
1123 2461 1171 2500 ut
1203 2457 1346 2512 jacent
1378 2457 1491 2499 infra
1527 2472 1667 2499 muros
1699 2458 1798 2499 ville
1826 2457 2013 2513 predicte
2044 2472 2091 2499 ac
2130 2457 2261 2499 eciam
2294 2471 2430 2498 unum

475 2549 766 2604 curtillagium
802 2548 914 2603 jacet
949 2563 1000 2589 ex
1045 2548 1234 2603 opposito
1276 2549 1426 2590 domus
1467 2549 1591 2589 modo
1628 2548 1672 2589 in
1713 2548 1910 2590 manibus
1954 2547 2087 2589 R1CE1
2129 2547 2338 2589 PRESENT
2381 2549 2430 2588 ut

467 2638 580 2694 jacet
600 2639 791 2694 proxime
814 2639 1054 2694 curtillagio
1076 2638 1261 2693 predicte
1292 2639 1420 2680 turris
1449 2638 1671 2694 adjacente
1701 2642 1749 2680 ut
1779 2638 1891 2693 jacet
1920 2639 2032 2681 inter
2060 2643 2216 2681 terram
2250 2638 2428 2693 predicti

471 2730 702 2772 JOHANNis
752 2730 797 2770 in
838 2733 958 2785 parte
1000 2729 1248 2771 occidentali
1298 2732 1340 2771 et
1380 2733 1536 2771 terram
1577 2730 1756 2784 predicti
1798 2730 1931 2771 Rmm
1974 2730 2182 2772 PRESENT
2221 2730 2265 2770 in
2308 2731 2427 2784 parte

474 2821 667 2863 orientali
705 2824 746 2862 et
779 2820 910 2862 altam
939 2820 1052 2862 viam
1086 2821 1309 2862 ducentem
1343 2835 1417 2875 per
1451 2821 1640 2862 medium
1667 2820 1855 2875 ejusdem
1883 2821 1984 2862 ville
2019 2821 2063 2862 in
2097 2824 2217 2876 parte
2251 2818 2425 2861 australi

474 2914 516 2953 et
535 2926 677 2952 muros
698 2911 808 2952 dicte
830 2911 930 2952 ville
951 2911 996 2951 in
1018 2914 1136 2965 parte
1156 2910 1326 2952 boreali.
1390 2910 1653 2953 Habendum
1676 2918 1717 2953 et
1737 2913 1970 2954 tenendum
1999 2912 2231 2967 predictam
2261 2913 2422 2952 turrem

471 3016 567 3043 cum
601 3000 797 3043 omnibus
823 3001 1075 3057 curtillagiis
1106 3004 1148 3042 et
1178 3001 1310 3043 muris
1341 3000 1419 3043 sibi
1453 3002 1738 3056 spectantibus
1763 3017 1810 3044 ac
1845 3002 1976 3044 eciam
2012 3002 2249 3058 predictum
2279 3000 2423 3041 curtil-

468 3093 631 3147 lagium
661 3091 874 3147 adjacent'
909 3095 956 3133 ut
988 3106 1115 3147 supra
1145 3092 1307 3133 dictum
1331 3095 1392 3134 est
1422 3093 1587 3147 prefato
1618 3092 1647 3135 J
1650 3107 1827 3134 OHANNI
1860 3092 2049 3134 THOMAS
2080 3091 2304 3134 heredibus
2335 3090 2422 3132 suis

470 3186 512 3225 et
534 3184 759 3237 assignatis
780 3184 832 3225 de
863 3183 1032 3238 capitali
1062 3183 1232 3224 domino
1256 3183 1355 3224 ville
1376 3184 1562 3238 predicte
1592 3199 1666 3239 per
1696 3184 1886 3226 redditus
1912 3188 1953 3225 et
1981 3183 2154 3226 servicia
2180 3184 2295 3239 prius
2319 3184 2418 3227 inde

470 3273 616 3315 debita
657 3276 698 3315 et
738 3274 789 3315 de
830 3273 925 3329 jure
965 3276 1164 3315 consueta
1203 3273 1530 3329 imperpetuum.
1604 3274 1664 3316 Et
1713 3289 1789 3316 nos
1828 3290 1925 3316 vero
1971 3274 2184 3330 predictus
2223 3274 2420 3317 dominus

467 3363 657 3406 THOMAS
689 3363 973 3406 WENLLONG'
997 3363 1222 3406 canonicus
1252 3363 1281 3406 J
1286 3378 1494 3406 OHANNES
1518 3364 1655 3407 WEsT
1678 3368 1719 3406 et
1748 3365 1987 3407 RoBERTUs
2019 3364 2210 3406 BEGANE
2242 3364 2416 3407 heredes
