2362 3392
1974 222 2085 264 1833

1008 418 1320 463 MOGOXXV.

201 511 416 555 GRANT
483 511 567 555 BY
629 511 924 556 WILLIAM
984 511 1188 555 DAVID
1249 510 1384 553 AND
1445 505 1851 551 LLEWELLYN
1914 503 2115 546 DAVID

342 594 419 637 ΤΟ
463 594 666 637 DAVID
708 593 859 636 SEYS
900 593 979 637 OF
1017 594 1062 636 A
1103 591 1453 636 TENEMENT
1494 590 1566 633 IN
1609 587 1970 632 TALAGARN.

984 675 1201 733 [FONMON
1238 674 1358 732 MS]

1210 751 1264 791 23
1301 749 1434 792 JULY.
1499 749 1551 790 17
1588 747 1713 789 ΗΕΝ.
1749 745 1885 789 VIII.
1953 744 2075 785 1525.

238 841 384 884 Sciant
407 844 622 896 presentes
643 844 686 884 et
706 841 846 883 futuri
868 856 944 884 nos
976 841 1260 884 WILLELMUS
1282 840 1438 882 DAvn)
1455 854 1509 894 ap
1531 838 1740 881 GWELYM
1762 840 1804 879 et
1825 836 2135 879 LLEWELINUS

184 933 341 976 DAvn)
375 948 429 989 ap
467 932 675 975 GWELYM
710 932 874 975 dedisse
907 933 1155 975 concessisse
1189 936 1229 974 et
1261 932 1339 973 hac
1360 930 1545 986 presenti
1566 934 1682 972 carta
1703 931 1847 971 nostra
1868 926 2137 969 confirmasse

185 1023 341 1066 DAvn)
372 1026 482 1065 SEYS
504 1025 782 1066 aldermanno
803 1024 903 1065 ville
936 1022 1191 1065 Ooossmffln
1213 1038 1347 1064 unum
1378 1024 1671 1064 tenementum
1692 1023 1802 1062 terre
1823 1033 1960 1074 nuper
1980 1017 2137 1059 DAvm

185 1130 239 1170 ap
261 1115 469 1157 GWELYM
493 1114 652 1157 GR0N0
673 1117 800 1170 prout
819 1114 932 1170 jacet
952 1114 1067 1156 infra
1084 1114 1335 1156 comitatum
1358 1112 1721 1155 GLAMORGANCIE
1739 1115 1781 1153 et
1794 1109 2070 1152 MORGANCIE
2092 1108 2139 1149 in

184 1206 374 1249 dominio
396 1207 448 1248 de
470 1206 722 1249 TALAGARN
742 1221 817 1262 per
838 1221 934 1248 suas
955 1206 1153 1261 antiquas
1174 1209 1309 1247 metas
1330 1208 1372 1246 et
1392 1204 1559 1246 bundas
1579 1203 1691 1245 inter
1711 1206 1869 1244 terram
1886 1200 2137 1242 WILLELMI

186 1297 359 1339 MATHE
391 1297 540 1339 militis
570 1313 622 1339 ex
653 1297 850 1340 orientali
881 1300 1000 1352 parte
1031 1301 1072 1338 et
1103 1296 1306 1338 forestam
1328 1297 1582 1338 ABERDARE
1603 1310 1655 1337 ex
1676 1292 1928 1336 occidentali
1948 1294 2068 1348 parte
2099 1294 2142 1332 et

186 1388 316 1430 etiam
357 1388 516 1430 boreali
556 1394 597 1430 et
640 1402 908 1430 communem
950 1388 1063 1430 viam
1113 1388 1374 1442 appellatam
1416 1386 1641 1428 Pomwm
1681 1400 1733 1427 ex
1776 1383 1952 1426 australi
2004 1385 2137 1438 parte.

187 1479 452 1522 Habendum
483 1484 525 1521 et
554 1480 789 1521 tenendum
819 1479 1061 1534 predictum
1092 1481 1385 1520 tenementum
1416 1482 1526 1520 terre
1547 1492 1643 1519 cum
1665 1475 1863 1518 omnibus
1884 1479 1926 1517 et
1959 1473 2142 1529 singulis

186 1571 272 1612 suis
303 1571 572 1626 pertinentiis
603 1570 769 1626 prefato
801 1570 957 1612 DAvm
988 1569 1099 1612 SEYs
1131 1570 1358 1611 heredibus
1388 1573 1430 1611 et
1458 1567 1686 1623 assignatis
1708 1567 1794 1609 suis
1814 1567 1867 1607 ‹jle
1889 1563 2142 1620 capitalibus

184 1663 368 1704 dominis
399 1662 513 1704 feodi
543 1662 660 1704 illius
690 1676 764 1717 per
785 1662 977 1704 redditus
998 1666 1040 1703 et
1071 1661 1241 1703 servitia
1262 1661 1362 1702 inde
1383 1660 1500 1715 prius
1520 1658 1665 1701 debita
1685 1661 1728 1700 et
1749 1658 1801 1699 de
1822 1656 1919 1713 jure
1940 1657 2140 1697 consueta

186 1753 232 1795 in
273 1756 537 1809 perpetuum.
613 1752 673 1794 Et
713 1767 789 1794 nos
830 1768 927 1795 vero
968 1752 1124 1808 prefati
1177 1751 1457 1794 WILLELMUS
1510 1750 1665 1792 DAVID
1705 1764 1759 1803 ap
1801 1747 2010 1790 GWELYM
2050 1780 2058 1788 .
2101 1750 2145 1788 et

186 1844 493 1887 LLEWELINUS
523 1845 679 1887 DAvm
711 1859 764 1900 ap
796 1843 1005 1886 GWELYM
1037 1846 1079 1884 et
1109 1843 1283 1884 heredes
1303 1842 1437 1884 nostri
1457 1840 1696 1896 predictum
1717 1843 2012 1880 tenementum
2043 1850 2141 1878 cum

188 1937 384 1980 omnibus
406 1940 448 1979 et
469 1937 651 1993 singulis
672 1937 758 1978 suis
778 1934 1091 1992 pertinentibus
1108 1933 1305 1975 videlicet
1320 1933 1452 1988 pratis
1466 1931 1650 1987 pasturis
1665 1930 1800 1972 boscis
1816 1928 2030 1971 subboscis
2045 1941 2142 1969 cum

188 2029 253 2086 [et
267 2028 308 2085 ἓ]
329 2029 458 2071 vastis
474 2029 662 2085 predicto
680 2028 836 2070 DAvn)
858 2026 969 2068 SEYs
990 2024 1215 2067 heredibus
1236 2028 1278 2066 et
1306 2023 1532 2079 assignatis
1553 2022 1639 2064 suis
1660 2024 1806 2064 contra
1826 2034 1971 2063 omnes
1993 2021 2143 2075 gentes

183 2119 554 2162 warantizabimus
589 2126 630 2161 et
666 2119 967 2174 inperpetuum
997 2115 1275 2158 defendemus
1302 2130 1376 2170 per
1405 2119 1632 2170 presentes.
1695 2112 1751 2154 In
1781 2111 1905 2168 cujus
1929 2110 1990 2152 rei
2020 2109 2139 2152 testi-

182 2211 375 2254 monium
405 2210 505 2252 huic
535 2209 721 2265 presenti
751 2209 907 2264 scripto
938 2213 1081 2249 nostro
1112 2206 1253 2262 sigilla
1272 2210 1416 2248 nostra
1437 2205 1723 2261 apposuimus.
1786 2202 1888 2245 Hiis
1908 2201 2089 2244 testibus
2122 2234 2130 2242 .

182 2302 384 2344 HOPKYN
416 2316 470 2357 ap
501 2301 530 2343 J
534 2315 706 2343 ANCKIN
741 2334 748 2342 .
783 2299 1062 2342 memmo
1093 2313 1146 2353 ap
1177 2297 1206 2340 J
1210 2311 1368 2340 ANKYN
1391 2296 1546 2339 LLOYD
1580 2331 1586 2338 .
1622 2295 1776 2338 LEwls
1803 2310 1857 2350 ap
1880 2293 2092 2336 JORVARD
2127 2325 2135 2333 .

182 2409 279 2436 cum
310 2393 459 2435 multis
480 2393 586 2434 aliis.

241 2476 404 2519 Datum
425 2475 622 2518 vicesimo
659 2474 784 2516 tertio
817 2474 886 2515 die
921 2473 950 2515 J
955 2473 1031 2515 ulii
1067 2487 1179 2514 anno
1209 2472 1333 2528 regni
1367 2471 1500 2528 Regis
1531 2470 1738 2513 Humum
1761 2469 1897 2512 octavi
1917 2470 2013 2523 post
2034 2480 2135 2508 con-

182 2562 379 2615 questum
401 2558 563 2600 decimo
587 2557 781 2613 septimo.

243 2641 346 2684 Two
367 2641 474 2683 seals
494 2640 701 2694 wanting.

242 2715 411 2753 l'alygarn,
440 2715 473 2744 in
501 2715 556 2743 the
586 2713 701 2742 Parish
725 2713 757 2742 of
788 2711 1000 2748 Llantrisant‚
1028 2720 1164 2749 appears
1192 2711 1225 2740 in
1255 2711 1310 2740 the
1335 2715 1460 2740 statute
1482 2711 1516 2739 of
1544 2709 1652 2748 Hem-5
1676 2709 1769 2738 vm.
1795 2720 1829 2739 as
1863 2720 1924 2740 one
1947 2713 1980 2741 of
2009 2713 2064 2743 the
2088 2715 2123 2742 18

195 2771 350 2801 Gantreds
376 2779 410 2799 or
427 2769 620 2806 Oommotes,
642 2778 678 2798 οι·
702 2767 861 2806 principal
887 2767 1042 2796 divisions
1066 2767 1098 2795 of
1122 2767 1178 2797 the
1201 2767 1253 2796 old
1278 2766 1447 2804 Lordship‚
1471 2766 1534 2795 and
1561 2775 1662 2795 seems
1687 2770 1720 2795 to
1742 2766 1824 2795 have
1840 2767 1904 2796 had
1920 2767 1974 2797 the
1990 2768 2077 2806 right
2093 2770 2126 2799 of

194 2826 265 2856 ‘Pit
289 2827 353 2855 and
378 2825 544 2861 Gallows‚'
578 2825 610 2854 in
646 2823 767 2860 Welsh,
791 2823 892 2852 ‘Pren
915 2832 933 2852 a
950 2822 1068 2852 Ffwn)
1121 2822 1188 2852 The
1211 2822 1371 2860 Lordship
1387 2831 1453 2851 was
1476 2822 1550 2851 held
1575 2822 1616 2859 by
1639 2821 1779 2850 Jenkins
1802 2823 1835 2850 οῖ’
1860 2822 1994 2861 Hensel,
2011 2825 2076 2854 and
2091 2834 2127 2854 so

195 2882 309 2920 passed
324 2887 358 2910 to
373 2881 429 2910 the
445 2881 537 2909 Earls
553 2880 586 2908 of
602 2879 823 2916 Shrewsbury,
839 2878 941 2907 Lords
956 2877 1075 2906 Talbot
1091 2878 1123 2907 of
1135 2877 1269 2915 Hensol,
1285 2877 1329 2916 by
1344 2877 1451 2906 whom
1466 2878 1491 2906 it
1507 2887 1572 2906 was
1588 2877 1659 2906 sold
1675 2881 1710 2907 to
1726 2877 1768 2906 its
1783 2882 1914 2914 present
1931 2888 2048 2909 owner.
2062 2880 2130 2910 The

194 2937 308 2967 Manor
333 2937 453 2972 House,
470 2935 588 2965 amidst
604 2934 700 2963 much
725 2943 796 2963 new
812 2933 910 2971 work,
926 2933 1077 2962 contains
1101 2938 1191 2971 parts
1206 2934 1239 2962 of
1266 2934 1322 2962 the
1338 2942 1398 2971 age
1414 2934 1446 2962 of
1464 2932 1577 2971 Henry
1594 2932 1664 2968 VL,
1680 2933 1743 2962 and
1758 2933 1814 2962 the
1831 2932 1964 2972 chapel,
1981 2935 2067 2964 built
2084 2936 2128 2974 hy

193 2994 241 3023 Sir
257 2992 387 3022 Leoline
402 2992 551 3027 Jenkius,
568 2991 631 3021 and
647 2990 791 3028 recently
808 2989 937 3027 rebuilt,
952 2989 1065 3018 stands
1080 2998 1121 3018 on
1137 2989 1192 3018 the
1208 2989 1288 3027 edge
1303 2990 1335 3018 of
1352 2999 1370 3018 a
1388 2998 1465 3028 very
1480 2988 1609 3018 ancient
1626 2988 1697 3017 site.

390 3114 482 3148 101⁴:
