2362 3392
307 256 417 298 1808

249 464 426 506 dimidio
439 463 600 506 decime
617 464 670 505 de
687 461 838 505 Gonm
851 461 1045 503 BEcHAN
1062 463 1104 502 et
1117 459 1328 515 predictas
1341 474 1466 501 aucas
1481 459 1700 501 reddendo
1712 457 1758 500 in
1771 460 1961 513 tempore
1976 457 2197 500 messionis

247 557 315 599 vel
345 555 593 612 autumpnis
626 556 714 611 (sio)
749 561 792 596 et
822 556 978 595 sectam
1007 552 1121 594 curie
1152 551 1256 593 dicti
1285 550 1452 593 abbatis
1481 551 1537 592 ad
1566 549 1818 606 homagium
1848 550 1901 592 de
1937 549 2195 592 Honcnovn

249 648 482 691 secundum
502 645 851 690 consuetudinem
867 643 1047 686 manerii
1066 642 1227 685 ibidem
1240 645 1283 685 et
1294 641 1529 684 heriectum
1545 656 1642 685 cum
1655 641 1855 684 acciderit
1869 644 1965 697 post
1979 642 2197 684 decessum

248 738 475 794 cujuslibet
502 736 688 780 tenentis
715 735 948 778 secundum
972 733 1324 777 consuetudinem
1357 732 1538 775 manerii
1568 731 1729 775 ibidem
1764 736 1806 774 et
1837 732 2018 788 quilibet
2046 735 2197 776 tenens

248 830 380 873 solvet
396 844 471 886 pro
486 829 680 885 ingressu
696 828 802 870 duos
815 840 993 883 capones
1005 825 1074 867 vel
1089 828 1272 880 quatuor
1284 824 1491 866 denarios.
1544 823 1604 865 Et
1617 823 1797 866 ulterius
1809 823 1989 880 predicti
2004 823 2034 867 J
2036 837 2196 866 ANKYN

243 936 296 977 ap
328 920 506 963 PHEm
527 923 570 962 et
591 919 833 962 ELzABE'rH
854 932 961 960 uxor
982 932 1057 959 sua
1073 916 1247 958 heredes
1267 920 1309 958 et
1323 921 1565 957 executores
1586 915 1651 957 sui
1668 915 1942 957 medietatem
1956 915 2191 970 predictam

248 1012 475 1069 grangiam
491 1011 578 1066 (sio)
600 1025 696 1053 cum
711 1009 980 1066 pertinentiis
992 1007 1251 1063 reparabunt
1273 1005 1574 1048 sustentabunt
1587 1010 1630 1048 et
1642 1010 1817 1048 manute
1825 1005 2037 1063 [ne]bunt
2052 1021 2195 1063 sump-

246 1101 361 1145 tibus
376 1103 463 1144 suis
479 1101 660 1158 propriis
675 1101 857 1143 durante
872 1099 1056 1142 termino
1069 1098 1259 1154 predicto
1275 1100 1317 1139 et
1336 1097 1383 1139 in
1399 1097 1484 1139 fine
1503 1096 1676 1138 termini
1689 1097 1869 1151 predicti
1890 1097 1935 1139 in
1951 1096 2062 1140 bono
2082 1100 2198 1140 statu

248 1193 479 1236 dimittent.
541 1192 602 1234 Et
622 1192 656 1235 si
677 1192 815 1234 dictus
834 1190 1026 1233 redditus
1047 1205 1072 1231 a
1093 1192 1204 1231 retro
1225 1188 1357 1230 fuerit
1374 1188 1421 1229 in
1436 1190 1556 1243 parte
1573 1187 1639 1229 vel
1660 1186 1706 1228 in
1729 1190 1818 1230 toto
1840 1190 1882 1229 et
1902 1202 1988 1230 non
2011 1187 2199 1230 solutum

248 1285 294 1327 in
313 1285 423 1327 festo
444 1283 633 1341 predicto
654 1288 696 1325 et
716 1282 838 1325 nulla
859 1282 1070 1324 sufficiens
1090 1280 1300 1323 districcio
1320 1279 1367 1321 in
1388 1280 1536 1321 eadem
1557 1278 1786 1320 medietate
1807 1278 1998 1333 predicta
2018 1278 2200 1335 grangie

247 1391 345 1418 cum
375 1374 645 1432 pertinentiis
674 1378 833 1417 extunc
853 1372 960 1415 bene
991 1371 1135 1415 licebit
1155 1371 1333 1427 prefatis
1354 1369 1499 1413 abbati
1520 1374 1562 1412 et
1584 1369 1812 1412 conventui
1833 1373 1875 1412 et
1897 1369 2202 1413 successoribus

249 1468 335 1510 suis
354 1467 401 1510 in
421 1466 695 1509 medietatem
715 1464 950 1521 predictam
978 1463 1158 1520 grangis
1189 1477 1285 1505 cum
1316 1461 1497 1517 singulis
1527 1461 1614 1503 suis
1634 1460 1904 1516 pertinentiis
1933 1460 2139 1503 reintrare
2160 1463 2203 1503 et

249 1559 294 1601 in
315 1558 496 1614 pristino
517 1561 633 1600 statu
654 1556 836 1599 retinere
856 1558 899 1598 et
924 1554 1008 1597 hiis
1031 1553 1272 1597 indenturis
1293 1568 1379 1595 non
1401 1551 1679 1595 obstantibus.
1742 1551 1803 1594 Et
1823 1551 2004 1594 ulterius
2024 1551 2204 1608 predicti

249 1642 378 1685 abbas
400 1645 442 1684 et
463 1643 697 1684 conventus
717 1643 760 1682 et
781 1653 1033 1682 successores
1055 1638 1120 1680 sui
1140 1637 1414 1679 medictatem
1435 1636 1669 1692 predictam
1691 1635 1872 1692 grangis
1893 1650 1990 1678 cum
2007 1635 2103 1678 aliis
2118 1635 2205 1678 suis

250 1724 520 1782 pertinentiis
550 1723 728 1780 prefatis
757 1722 787 1765 J
790 1736 949 1764 ANKYN
981 1736 1034 1777 ap
1067 1720 1247 1762 Pnssm
1278 1723 1320 1762 et
1361 1719 1606 1761 ELzABE'rH
1638 1718 1761 1761 uxori
1792 1733 1865 1761 sue
1895 1718 2122 1761 heredibus
2151 1719 2204 1761 de

251 1829 396 1858 eorum
427 1812 669 1870 corporibus
699 1813 812 1854 inter
844 1812 1013 1854 eosdem
1043 1810 1235 1867 legitime
1265 1809 1493 1865 procreatis
1523 1823 1570 1850 ac
1600 1808 1725 1851 rectis
1754 1807 1980 1851 heredibus
2011 1808 2205 1865 ejusdem

253 1906 282 1949 J
285 1919 445 1948 ANKYN
468 1904 503 1946 si
523 1903 722 1946 acciderit
742 1905 888 1946 contra
909 1917 1054 1945 omnes
1084 1905 1234 1958 gentes
1250 1899 1590 1942 warantizabunt
1611 1904 1654 1941 et
1674 1899 1909 1942 defendent
1938 1900 1984 1942 in
2014 1900 2141 1942 modo
2163 1902 2207 1942 et

251 1997 390 2039 forma
420 1995 610 2052 predicta
640 1996 822 2037 durante
843 1994 1026 2036 termino
1048 1993 1248 2049 predicto.
1313 1991 1368 2033 In
1401 1991 1524 2047 cujus
1543 1990 1605 2033 rei
1625 1991 1919 2033 testimonium
1941 1990 2024 2032 hiis
2054 1991 2207 2034 inden-

253 2088 362 2130 turis
391 2091 532 2143 partes
563 2086 750 2142 predicte
779 2090 870 2128 tam
901 2085 1043 2141 sigilla
1080 2084 1271 2140 parcium
1308 2098 1436 2139 quam
1474 2082 1665 2139 sigillum
1703 2097 1926 2125 commune
1962 2082 2211 2126 monasterii

254 2170 434 2227 predicti
464 2174 564 2212 sunt
595 2170 796 2225 appensal
834 2169 937 2224 (sic).

313 2270 478 2312 Datum
498 2270 545 2312 in
566 2270 691 2312 domo
712 2268 936 2324 capitulari
955 2268 1201 2310 monasterii
1222 2266 1426 2309 antedicti
1447 2266 1516 2308 die
1536 2267 1626 2308 loco
1647 2269 1690 2308 et
1711 2281 1824 2308 anno
1845 2265 2109 2321 supradictis.

316 2368 550 2424 Imperfect
570 2368 656 2411 seal
676 2368 722 2410 in
743 2369 818 2410 red
833 2383 941 2419 wax,
956 2382 1150 2409 common
1171 2367 1258 2409 scal
1279 2366 1323 2409 of
1344 2365 1417 2408 the
1434 2364 1582 2408 Abbot
1603 2366 1689 2407 and
1711 2364 1906 2407 Convent
1922 2364 1967 2407 of
1987 2364 2210 2407 MARGAM.

262 2460 340 2504 See
362 2460 507 2513 Birch‚
535 2461 666 2503 Oatal.
690 2463 739 2513 qs
762 2461 889 2512 secas,
911 2459 995 2502 No.
1020 2459 1161 2511 3‚608.

317 2560 612 2602 Endorsed—‘
636 2560 757 2602 1518.
819 2559 1029 2615 Stormey.
1091 2559 1121 2601 J
1124 2560 1262 2602 enken
1284 2558 1466 2614 Philipe.
1531 2557 1822 2600 Irrotulatur.’

429 2686 477 2721 (1)
502 2684 579 2713 This
596 2689 745 2714 sentence
765 2684 791 2713 is
807 2684 914 2722 faulty
931 2684 963 2713 in
979 2693 1149 2721 grammar,
1164 2684 1227 2713 and
1242 2683 1298 2712 the
1312 2683 1416 2713 whole
1432 2687 1503 2712 text
1519 2682 1577 2711 has
1593 2682 1672 2711 been
1688 2680 1859 2719 carelessly
1874 2680 1985 2710 drawn
2001 2689 2053 2717 up.
