2362 3392
1920 162 2028 203 1715

144 369 337 425 quietum
378 368 577 411 clamasse
607 368 839 410 EDMUNDo
870 368 1160 411 STRADLINGE
1192 369 1279 411 filio
1308 368 1534 411 EDMUNDI
1565 367 1856 411 STRADLINGE
1887 367 2089 424 armigeri

146 461 285 502 totum
304 458 375 514 jus
395 458 572 501 titulum
597 461 640 500 et
671 458 880 501 clameum
902 474 982 514 que
1003 460 1070 501 vel
1091 460 1204 515 quod
1233 458 1364 501 habui
1394 473 1468 502 seu
1496 457 1631 501 habeo
1662 460 1714 501 de
1744 462 1787 501 et
1815 459 1862 501 in
1890 458 2090 501 maneriis

145 552 198 593 de
229 550 412 593 COITIFF·
442 550 548 593 alias
589 550 713 593 dictis
743 550 880 593 WEsT
920 550 1069 593 PLACE
1111 556 1153 594 et
1195 551 1514 594 OOLWYNsron'
1537 566 1619 607 que
1639 566 1776 606 nuper
1806 550 2091 595 WILLELMUS

147 641 437 684 STRADLINGE
468 641 654 697 armiger
694 643 815 697 pater
854 642 1033 697 predicti
1072 642 1101 685 J
1104 657 1304 684 OHANNIS
1344 641 1634 684 STRADLiNGE
1675 656 1812 697 nuper
1846 640 1998 684 habuit
2038 656 2091 682 ex

148 733 258 775 dono
294 735 337 774 et
370 732 634 774 concessione
669 731 699 774 J
701 746 900 774 OHANNIS
936 732 1226 775 STRADLINGE
1257 733 1416 776 militis.
1479 732 1744 775 Habendum
1778 736 1820 775 et
1852 733 2091 775 tenendum

145 823 335 879 predicta
374 823 564 865 maneria
594 838 691 865 cum
721 838 868 865 eorum
903 824 1174 879 pertinenciis
1209 824 1374 879 prefato
1411 824 1643 866 EDMUNDO
1674 826 1717 866 et
1746 823 1973 865 heredibus
2003 823 2094 865 suis

145 914 459 970 imperpetuum
478 913 540 955 ita
561 914 674 970 quod
694 929 771 956 nec
792 929 871 969 ego
891 914 1105 969 predictus
1125 914 1154 957 J
1157 929 1367 957 oHANNEs
1395 914 1687 957 STRADLINGE
1709 929 1786 957 nec
1806 914 1980 956 heredes
2010 913 2095 955 mei

144 1019 221 1047 nec
251 1004 405 1060 aliquis
434 1004 543 1047 alius
573 1019 647 1060 per
677 1019 753 1046 nos
784 1019 857 1046 seu
887 1005 1058 1047 nomine
1089 1007 1232 1048 nostro
1263 1005 1435 1061 aliquod
1464 1005 1535 1061 jus
1565 1005 1744 1047 titulum
1774 1020 1848 1047 seu
1878 1005 2088 1047 clameum

148 1095 257 1152 juris
277 1097 330 1138 de
351 1098 394 1137 et
414 1096 460 1138 in
495 1096 695 1151 predictis
730 1096 930 1138 maneriis
957 1111 1052 1138 cum
1084 1097 1355 1151 pertinenciis
1385 1097 1576 1139 decetero
1607 1097 1777 1152 exigere
1808 1096 1990 1139 clamare
2021 1110 2096 1138 seu

151 1187 373 1230 vendicare
393 1187 628 1243 poterimus
648 1187 693 1228 in
714 1186 912 1228 futurum
934 1189 995 1230 set
1017 1187 1069 1229 ab
1092 1187 1208 1229 omni
1229 1188 1395 1230 accione
1415 1187 1525 1243 juris
1552 1187 1671 1229 tituli
1691 1190 1733 1229 et
1755 1187 1905 1229 clamei
1931 1186 2103 1242 penitus

151 1278 281 1320 simus
301 1278 460 1320 exclusi
481 1293 555 1333 per
573 1282 799 1333 presentes.
863 1276 919 1319 In
940 1278 1007 1334 cuj
1014 1293 1063 1320 us
1091 1279 1152 1320 rei
1183 1278 1476 1320 testimonium
1505 1278 1604 1320 huic
1625 1277 1812 1333 presenti
1834 1277 1987 1333 scripto
2008 1292 2103 1320 meo

156 1368 346 1424 sigillum
366 1383 509 1410 meum
531 1368 721 1424 apposui.

214 1459 317 1502 Dat’
340 1459 563 1501 undecimo
585 1458 653 1501 die
681 1458 710 1501 J
713 1459 806 1501 unii
835 1474 947 1501 anno
973 1460 1096 1516 regni
1125 1459 1260 1516 Regis
1287 1459 1513 1501 EDWARDI
1535 1459 1677 1515 quarti
1704 1461 1799 1515 post
1828 1462 2105 1514 conquestum

158 1549 367 1592 vicesimo.

214 1639 311 1682 Seal
331 1639 505 1682 broken.

215 1730 510 1773 Endorsed—‘
526 1731 678 1774 Relees
699 1731 744 1774 of
765 1731 882 1774 John
905 1730 1142 1787 Stradlyng
1163 1746 1236 1774 son
1259 1732 1344 1773 and
1365 1731 1458 1773 heir
1479 1731 1524 1773 of
1545 1730 1744 1774 Williarn
1765 1729 2033 1787 Stradlyng.'

953 1946 1328 1990 MOCXXXVII.

162 2053 362 2097 LEASE
413 2054 501 2096 BY
547 2053 831 2097 EDWARD
882 2053 1244 2097 STRADLING
1289 2054 1365 2097 TO
1412 2054 1580 2097 JOHN
1626 2053 1989 2097 STRADLING
2032 2054 2110 2098 OF

307 2143 629 2186 MERTHYR
660 2144 875 2197 MAWR,
903 2145 981 2187 OF
1013 2144 1143 2187 THE
1175 2145 1400 2188 MANOR
1431 2145 1509 2188 OF
1540 2144 1829 2188 OOITIFFE
1862 2145 2110 2188 GALLED

305 2234 479 2277 WEST
521 2234 738 2287 PLAOE,
781 2235 904 2278 FOR
948 2235 1194 2278 THIRTY
1234 2235 1455 2288 YEARS,
1495 2235 1578 2278 AT
1622 2236 1667 2278 A
1711 2235 1882 2278 RENT
1928 2236 2007 2279 OF
2050 2237 2105 2278 40

305 2324 643 2368 SHILLINGS
715 2325 980 2367 YEARLY
1049 2325 1183 2369 AND
1255 2325 1730 2370 UNDERTAKING
1789 2326 1865 2369 TO
1931 2327 2106 2370 HOLD

307 2415 546 2458 OOURTS
576 2415 659 2458 AT
691 2415 1148 2460 COLWYNSTOW.

1013 2523 1087 2580 [G.
1113 2524 1164 2567 Gr.
1189 2524 1264 2581 F.]

1238 2618 1291 2658 12
1327 2616 1466 2660 JUNE.
1527 2618 1582 2660 20
1614 2616 1741 2659 EDW.
1774 2616 1856 2660 IV.
1920 2618 2044 2660 1480.

221 2722 317 2765 Hec
347 2722 576 2764 indentura
596 2721 710 2764 facta
740 2722 989 2765 duodecimo
1011 2723 1079 2764 die
1100 2722 1130 2765 J
1132 2723 1224 2765 unii
1245 2739 1357 2766 anno
1387 2725 1509 2780 regni
1540 2725 1674 2780 Regis
1703 2725 1930 2767 EDWARDI
1961 2726 2103 2781 quarti

162 2816 257 2868 post
297 2816 574 2868 conquestum
617 2813 814 2856 vicesimo
855 2813 967 2855 inter
1011 2814 1267 2857 JOHANNEM
1308 2815 1583 2858 STRADLING'
1619 2817 1672 2857 de
1711 2815 2104 2857 MERTHILMAWRE

165 2903 424 2959 armigerum
464 2906 506 2945 et
547 2903 821 2945 EDMUNDUM
861 2903 1136 2948 STRADLING'
1168 2906 1305 2949 fflium
1335 2906 1557 2949 EDMUNm
1589 2906 1862 2949 STRADLING'
1904 2906 2105 2962 armigeri
