2362 3392
266 240 378 282 1676

1035 680 1322 725 MOGXIXB.

285 806 607 859 ANOTHER,
664 805 889 857 LATER,
940 805 1116 849 FORM
1166 806 1244 849 OF
1294 806 1425 849 THE
1475 806 1842 850 PRECEDING
1891 806 2077 850 DEED.

986 913 1059 971 [T.
1092 913 1388 972 FRANKLEN]

1347 1023 1400 1064 10
1432 1022 1554 1065 ΜΑΥ.
1617 1024 1643 1064 8
1664 1023 1795 1066 EDW.
1827 1022 1907 1067 IV.
1972 1024 2096 1066 1468.

260 1130 473 1173 Noverint
513 1130 700 1172 universi
739 1145 814 1186 per
844 1132 1074 1186 praesentes
1105 1144 1173 1172 me
1202 1129 1457 1172 ROBERTUM
1487 1129 1617 1173 VELE
1646 1130 1906 1186 armigerum
1941 1130 2079 1174 filium
2113 1134 2157 1174 et

201 1221 415 1264 haeredem
435 1221 464 1265 J
467 1236 666 1264 OHANNIS
687 1221 817 1265 VELE
838 1221 1045 1264 remisisse
1065 1221 1274 1263 relaxasse
1301 1224 1344 1264 et
1372 1221 1544 1264 omnino
1578 1236 1653 1277 pro
1686 1235 1753 1263 me
1779 1225 1822 1264 et
1849 1221 2089 1265 haeredjbus
2113 1226 2155 1266 et

199 1313 427 1369 assignatis
456 1313 561 1355 meis
590 1312 636 1354 in
666 1315 920 1368 perpetuum
951 1312 1145 1367 quietum
1175 1312 1375 1354 clamasse
1405 1311 1637 1354 Lnnovmo
1665 1311 1891 1354 RAGLAND
1916 1311 2156 1355 haeredibus

202 1407 246 1447 et
267 1404 494 1460 assignatis
514 1404 618 1446 dieti
638 1402 863 1446 Lnnov1c1
884 1406 1024 1445 totum
1045 1402 1116 1459 jus
1135 1417 1277 1445 meum
1299 1403 1476 1446 titulum
1498 1406 1541 1444 et
1561 1402 1770 1445 olameum
1795 1417 1890 1458 quae
1921 1402 2056 1447 habeo
2081 1419 2155 1447 seu

201 1495 477 1551 quovismodo
512 1494 668 1537 habere
695 1498 871 1550 potuero
904 1494 951 1536 in
984 1493 1148 1536 duobus
1173 1494 1422 1550 messuagiis
1449 1497 1492 1536 et
1521 1494 1739 1550 octaginta
1774 1509 1861 1536 una
1889 1494 1996 1537 acris
2029 1498 2154 1538 terrae

199 1587 312 1643 prati
333 1590 376 1629 et
396 1590 580 1643 pasturae
603 1601 699 1628 cum
720 1585 991 1642 pertinentiis
1011 1585 1056 1627 in
1077 1584 1366 1627 LEswnoxNY
1388 1599 1482 1640 quae
1504 1585 1618 1627 idem
1645 1584 1901 1627 Lvnowcns
1928 1585 2154 1628 RAGLAND

199 1693 337 1733 nuper
376 1678 515 1720 tenuit
551 1678 604 1719 de
639 1692 706 1719 me
740 1677 972 1719 secundum
1005 1676 1355 1719 consuetudinem
1387 1676 1566 1718 manerii
1595 1679 1637 1718 et
1669 1680 1795 1731 prout
1831 1676 1876 1719 in
1912 1681 2027 1719 carta
2060 1692 2154 1720 mea

199 1769 424 1812 indentata
456 1769 568 1812 dioto
603 1768 833 1811 Lnnovmo
868 1768 986 1824 prius
1018 1768 1209 1810 confecta
1248 1768 1416 1824 plenius
1455 1772 1640 1823 apparet.
1703 1767 1775 1809 Ita
1814 1769 1928 1825 quod
1962 1783 2039 1811 neo
2075 1783 2155 1826 ego

199 1861 427 1917 praedictus
449 1860 688 1902 Rossssnws
708 1875 785 1902 neo
810 1860 999 1902 haeredes
1023 1860 1107 1902 mei
1136 1874 1212 1901 nee
1243 1859 1397 1914 aliquis
1421 1858 1531 1900 alius
1561 1858 1733 1901 nomine
1760 1873 1854 1901 meo
1879 1859 2052 1915 aliquod
2083 1860 2155 1917 jus

198 1951 267 1993 vel
289 1952 497 1993 elameum
518 1951 562 1992 in
585 1950 798 2006 praedictis
819 1950 985 1993 duobus
1006 1949 1255 2005 messuagiis
1276 1949 1493 2005 octaginta
1520 1953 1561 1990 et
1582 1964 1669 1991 una
1695 1949 1802 1991 aeris
1826 1953 1949 1992 terrae
1976 1950 2089 2006 prati
2112 1954 2155 1993 et

201 2044 387 2099 pasturae
410 2056 506 2084 oum
526 2041 724 2084 omnibus
745 2045 787 2083 et
804 2041 984 2098 singulis
998 2041 1084 2083 suis
1099 2040 1368 2096 pertinentiis
1384 2040 1554 2096 exigere
1570 2040 1638 2082 vel
1654 2040 1877 2083 vendicare
1893 2041 2155 2096 potuerimus

199 2134 273 2176 sed
293 2132 346 2175 ab
367 2132 484 2175 omni
504 2132 668 2174 actione
683 2132 791 2187 juris
812 2147 885 2175 seu
906 2133 1064 2175 clameo
1085 2132 1186 2174 inde
1207 2132 1338 2174 simus
1358 2131 1517 2173 exclusi
1536 2131 1582 2173 in
1610 2134 1876 2186 perpetuum.
1939 2131 1995 2174 In
2028 2132 2151 2189 eujus

202 2224 263 2266 rei
314 2223 607 2266 testimonium
658 2223 756 2264 huie
806 2224 1006 2279 praesenti
1056 2223 1310 2265 relaxationi
1359 2237 1464 2264 meae
1516 2221 1708 2278 sigillum
1757 2237 1901 2265 meum
1961 2224 2148 2279 apposui.

204 2315 307 2358 Hiis
328 2315 506 2358 testibus
529 2349 537 2357 .
561 2315 780 2358 ιῘΟΗΑΝΝΕ
814 2315 1039 2357 FLEMYNG
1064 2348 1073 2357 .
1096 2314 1315 2357 JOHANNE
1352 2328 1405 2369 ap
1439 2313 1593 2356 JEUAN
1630 2328 1684 2369 ap
1721 2313 1910 2356 THOMAS
1944 2348 1952 2356 .
1986 2313 2153 2358 ΤΗοΜΑ

204 2407 430 2450 FLEMYNG
455 2441 463 2449 .
487 2406 747 2450 WILLELMO
770 2407 994 2449 RAGLAND
1017 2440 1026 2448 .
1050 2406 1079 2449 J
1082 2421 1270 2448 OHANNE
1292 2407 1345 2448 de
1364 2406 1501 2447 AUNE
1526 2439 1534 2447 .
1558 2408 1601 2447 et
1621 2405 1768 2447 multis
1788 2405 1895 2447 aliis.

263 2498 430 2541 Datum
479 2498 593 2553 apud
643 2496 932 2539 LEszomx·
975 2527 985 2536 .
1037 2497 1198 2539 decimo
1239 2497 1308 2538 die
1348 2495 1505 2538 mensis
1545 2495 1654 2538 Maii
1694 2511 1806 2538 anno
1847 2497 1969 2551 regni
2020 2496 2155 2553 Regis

205 2589 432 2631 EDWARDI
455 2589 596 2644 quarti
617 2596 711 2645 post
731 2592 1008 2643 conquestum
1029 2591 1186 2630 octavo.

261 2679 555 2722 Endorsed—-‘
573 2678 759 2722 Roberte
780 2678 932 2722 Velle)
