2362 3392
1903 216 2012 258 1689

122 443 334 471 concessas
354 444 402 470 ac
422 429 564 471 omnia
583 429 727 471 literas
747 431 790 471 et
810 429 965 485 scripta
985 428 1173 484 predicta
1194 431 1235 469 et
1257 426 1399 468 omnia
1420 429 1462 468 et
1490 425 1661 480 singula
1691 439 1836 466 eorum
1867 425 2065 466 contenta

125 521 218 560 rata
247 518 451 561 habentes
486 522 528 561 et
561 522 684 575 grata
715 534 764 561 ea
795 534 870 575 pro
900 518 1022 561 nobis
1052 521 1094 560 et
1123 517 1349 560 heredibus
1379 515 1534 559 nostris
1563 530 1639 571 pro
1670 515 1805 557 salute
1827 514 2066 557 animarum

123 615 361 651 nostrarum
397 614 439 652 et
472 610 663 652 omnium
699 610 1019 665 progenitorum
1053 612 1095 650 et
1130 613 1439 650 antecessorum
1472 606 1677 648 heredum
1713 608 1756 646 et
1785 618 2067 646 successorum

131 702 369 741 nostrorum
405 703 670 756 acceptamus
701 700 983 756 approbamus
1017 703 1059 741 et
1095 700 1249 741 dilecto
1283 697 1404 740 nobis
1433 698 1479 739 in
1505 696 1701 739 Cnmsro
1723 696 1936 738 RoBERTO
1957 709 2071 736 nunc

130 789 274 831 abbati
295 791 347 832 de
367 790 535 832 NEETH
557 793 599 832 et
619 790 837 833 monachis
857 790 1052 846 ejusdem
1078 793 1119 832 et
1150 789 1452 832 successoribus
1482 789 1568 830 suis
1598 787 1866 830 concedimus
1894 786 2071 828 innova-

131 894 226 922 mus
259 880 516 924 ratificamus
549 884 592 924 et
628 882 923 924 confirmamus
959 882 1005 923 in
1038 881 1216 923 liberam
1248 895 1399 936 puram
1432 882 1474 922 et
1513 882 1761 935 perpetuam
1800 878 2073 920 elemosinam

133 970 321 1025 quietam
356 971 409 1013 ab
442 972 559 1014 omni
594 972 766 1014 servicio
802 976 844 1014 et
880 972 1184 1014 consuetudine
1221 971 1397 1013 seculari
1427 971 1473 1012 in
1504 973 1755 1025 perpetuum
1792 969 1898 1010 sicut
1931 971 2074 1010 nostra

133 1061 400 1104 munimenta
434 1062 745 1105 rationabiliter
777 1065 1000 1105 testantur.
1063 1062 1125 1104 Et
1157 1062 1336 1104 ulterius
1370 1063 1422 1103 de
1450 1061 1592 1117 gracia
1622 1064 1764 1102 nostra
1785 1059 1956 1115 speciali
1977 1074 2074 1101 con-

133 1152 320 1194 cedimus
350 1154 508 1195 eisdem
538 1169 653 1196 nunc
683 1153 827 1196 abbati
858 1157 901 1195 et
926 1154 1154 1196 conventui
1174 1158 1217 1196 et
1239 1153 1542 1196 successoribus
1562 1153 1648 1195 suis
1669 1153 1783 1208 quod
1801 1152 1931 1193 iidem
1962 1166 2075 1193 nunc

132 1242 262 1285 abbas
293 1248 336 1286 et
369 1247 600 1286 conventus
635 1247 678 1286 et
709 1259 962 1287 successores
995 1245 1061 1287 sui
1096 1245 1277 1300 predicti
1307 1259 1354 1286 ac
1376 1259 1521 1287 eorum
1548 1244 1741 1286 homines
1776 1244 2004 1285 servientes
2034 1246 2076 1285 et

134 1334 309 1376 rentarii
344 1335 410 1376 sui
444 1334 623 1390 predicti
655 1335 741 1377 sint
773 1334 896 1377 liberi
933 1335 1066 1390 quieti
1101 1339 1143 1377 et
1176 1335 1396 1377 exonerati
1428 1336 1481 1376 de
1516 1335 1712 1377 omnibus
1743 1334 1915 1376 omnino
1955 1333 2078 1376 donis

136 1425 308 1466 auxiliis
328 1424 568 1482 ta[l]lagiis
592 1428 636 1467 et
656 1426 882 1468 comorthis
905 1425 1226 1481 quibuscunque
1247 1441 1322 1481 per
1341 1427 1477 1467 totam
1505 1429 1660 1467 terram
1690 1429 1878 1467 nostram
1908 1425 1953 1466 in
1984 1440 2078 1480 per-

136 1520 325 1571 petuum.
389 1516 532 1563 Quare
553 1517 748 1559 volumus
770 1520 812 1558 et
848 1517 1026 1559 firmiter
1054 1517 1308 1572 precipimus
1335 1532 1410 1572 pro
1443 1516 1565 1558 nobis
1597 1519 1639 1558 et
1671 1515 1895 1558 heredibus
1927 1516 2081 1558 nostris

140 1608 252 1662 quod
287 1607 431 1650 nullus
464 1608 726 1663 quiscunque
767 1608 879 1649 infra
913 1608 1075 1649 dictum
1111 1607 1348 1650 dominium
1388 1609 1579 1650 nostrum
1619 1608 1670 1649 de
1713 1607 1997 1650 GLAMORGAN
2039 1612 2080 1649 et

140 1697 390 1739 MORGANIE
421 1699 474 1740 de
505 1701 641 1740 cetero
662 1701 780 1754 petat
802 1699 949 1755 exigat
969 1699 1037 1741 vel
1057 1699 1234 1754 recipiat
1255 1698 1424 1753 aliquod
1447 1699 1607 1740 donum
1629 1698 1836 1740 auxilium
1857 1699 2083 1753 tallagium

139 1789 207 1831 vel
252 1789 469 1831 comortha
513 1790 565 1831 de
598 1789 775 1845 prefatis
804 1805 919 1831 nunc
949 1789 1101 1832 abbate
1123 1792 1165 1831 et
1185 1792 1395 1831 conventu
1415 1789 1481 1831 vel
1503 1789 1804 1831 successoribus
1831 1790 1916 1831 suis
1946 1804 2083 1845 neque

140 1880 192 1921 de
213 1894 359 1922 eorum
379 1879 623 1922 hominibus
644 1880 924 1922 servientibus
946 1895 1017 1922 seu
1038 1880 1235 1922 rentariis
1265 1880 1463 1935 predictis
1484 1895 1560 1921 nec
1581 1879 1658 1921 sub
1679 1879 1926 1935 hujusmodi
1948 1880 2082 1922 colore

141 1971 209 2012 vel
243 1971 385 2026 aliquo
418 1972 543 2013 modo
563 1972 723 2014 vendat
756 1971 906 2013 vinum
941 1971 1164 2012 medonem
1194 1970 1412 2012 cervisiam
1433 1974 1507 2013 aut
1527 1970 1689 2025 aliquid
1709 1970 1826 2012 aliud
1847 1971 1892 2012 in
1913 1985 2082 2026 oppres-

139 2061 299 2103 sionem
352 2061 576 2104 hominum
630 2062 889 2104 servientum
944 2062 1010 2103 vel
1061 2061 1344 2103 rentariorum
1394 2062 1623 2102 eorundem
1670 2076 1784 2103 nunc
1830 2060 1996 2103 abbatis
2040 2064 2083 2104 et

144 2156 376 2195 conventus
415 2156 458 2195 et
498 2168 778 2195 successorum
824 2167 1008 2195 suorum.
1070 2151 1130 2193 Et
1169 2151 1342 2206 insuper
1382 2152 1494 2206 quod
1534 2151 1678 2193 nullus
1718 2167 1823 2193 ausu
1862 2153 2084 2194 temerario

144 2244 427 2285 concessiones
458 2244 754 2286 innovationes
786 2243 1086 2285 ratificationes
1125 2248 1168 2284 et
1200 2243 1538 2284 confirmationes
1577 2243 1785 2297 predictas
1825 2258 1898 2284 seu
1937 2258 2082 2285 eorum

145 2334 310 2389 aliquas
348 2334 416 2376 vel
456 2334 644 2390 aliquam
682 2335 895 2390 infringat
933 2336 1009 2375 aut
1047 2333 1282 2389 infringere
1322 2337 1536 2388 presumat
1576 2347 1651 2374 nec
1692 2337 1837 2374 contra
1875 2334 2084 2388 predictas

145 2425 427 2468 concessiones
446 2425 741 2467 innovationes
761 2424 1059 2467 ratificationes
1080 2428 1122 2466 et
1147 2424 1484 2466 confirmationes
1507 2424 1572 2465 vel
1592 2424 1764 2478 aliquod
1785 2424 2083 2479 premissorum

147 2516 310 2571 aliquid
342 2516 471 2558 faciat
504 2531 578 2558 seu
608 2516 744 2559 facere
777 2518 992 2571 presumat
1022 2515 1100 2557 sub
1130 2530 1240 2570 pena
1270 2516 1414 2557 decem
1434 2514 1638 2556 librarum
1658 2514 1779 2556 nobis
1799 2519 1842 2556 et
1862 2514 2085 2557 heredibus

147 2606 300 2648 nostris
336 2606 439 2648 foris
470 2606 763 2648 faciendarum
796 2610 838 2648 et
870 2607 1167 2648 solvendarum
1197 2605 1353 2647 totiens
1374 2605 1566 2660 quotiens
1588 2605 1740 2660 aliquis
1759 2604 1805 2646 in
1827 2606 2084 2647 contrarium

147 2697 387 2752 aliquorum
422 2712 495 2739 seu
528 2696 710 2753 alicujus
746 2697 1019 2739 concessionis
1049 2696 1334 2738 innovationis
1363 2696 1654 2738 ratificationis
1684 2699 1726 2738 et
1756 2696 2086 2738 confirmationis

149 2788 334 2843 predicte
356 2791 430 2831 aut
450 2787 631 2844 alicujus
651 2788 950 2844 premissorum
982 2788 1128 2830 fecerit
1151 2788 1216 2829 vel
1236 2788 1373 2829 facere
1395 2787 1724 2843 attemptaverit.
1787 2786 1843 2829 In
1874 2788 1996 2843 cujus
2026 2788 2086 2829 rei

148 2878 441 2921 testimonium
460 2878 527 2920 his
546 2878 680 2920 literis
700 2879 854 2920 nostris
874 2879 1119 2934 patentibus
1151 2879 1342 2934 sigillum
1377 2878 1622 2920 cancellarie
1647 2881 1788 2920 nostre
1819 2880 1869 2921 de
1904 2878 2086 2921 KARDIF

151 2969 353 3010 duximus
373 2970 686 3024 apponendum.
748 2968 849 3010 Hiis
870 2969 1048 3011 testibus
1067 3003 1074 3010 .
1094 2969 1280 3011 Roomzo
1300 2969 1499 3012 VAGHAN
1524 2969 1658 3010 milite
1680 2970 1926 3011 cancellario
1947 2973 2088 3013 nostro

353 3109 430 3143 9Μ
