2362 3392
265 221 376 263 1686

265 430 357 484 (D.)
407 430 555 474 Sciant
586 434 800 487 presentes
841 436 883 473 et
922 430 1060 474 futuri
1100 432 1215 487 quod
1256 446 1333 473 nos
1379 431 1519 474 HUGO
1573 433 1614 474 le
1648 432 1920 475 DESPENSER
1963 432 2161 476 dominus

203 520 492 565 GLAMORGAN
523 526 565 565 et
597 523 848 565 MORGANIE
879 537 956 578 pro
987 522 1123 564 salute
1154 522 1296 564 anime
1327 526 1469 566 nostre
1500 527 1542 565 et
1563 523 1805 566 animarum
1826 523 2018 566 omnium
2039 527 2158 567 ante-

199 627 408 655 cessorum
429 618 471 656 et
492 614 698 656 heredum
720 617 960 656 nostrorum
982 614 1177 656 dedimus
1197 614 1477 657 concessimus
1497 619 1539 656 et
1560 615 1639 657 hac
1669 615 1857 670 presenti
1877 618 1994 657 carta
2013 618 2158 658 nostra

198 704 542 747 confirmavimus
562 705 664 747 viris
683 705 893 761 religiosis
914 704 1059 747 abbati
1081 708 1124 747 et
1144 705 1371 747 conventui
1394 705 1564 748 ecclesie
1584 705 1707 748 beate
1729 705 1892 748 MAmE
1913 706 1966 747 de
1987 705 2156 748 ΝΕΕΤΗ

197 795 375 838 liberam
396 796 612 838 licentiam
635 796 888 852 adquirendi
909 800 951 838 et
972 797 1026 838 ad
1047 811 1224 838 manum
1244 799 1458 838 mortuam
1479 796 1710 852 recipiendi
1732 811 1863 839 unam
1883 811 2025 839 acram
2044 800 2156 840 terre

195 887 247 928 de
283 887 519 930 EDWARDO
555 889 607 930 de
643 888 933 930 STRADELING
971 887 1107 930 milite
1149 888 1194 929 in
1238 888 1340 930 villa
1373 888 1425 929 de
1461 887 1634 930 SANc'ro
1670 888 1860 930 Dorsuo
1896 889 2023 931 simul
2059 904 2156 932 cum

192 979 468 1021 advocatione
499 979 668 1022 ecclesie
700 979 892 1035 ejusdem
924 979 1024 1021 ville
1056 994 1152 1021 cum
1184 978 1382 1021 omnibus
1411 979 1614 1021 membris
1654 982 1696 1022 et
1737 980 2011 1036 pertinenciis
2052 981 2150 1022 suis.

190 1069 457 1112 Habendum
479 1074 521 1113 et
540 1071 775 1113 tenendum
796 1071 997 1126 predictis
1018 1071 1118 1113 viris
1138 1071 1348 1126 religiosis
1365 1074 1407 1113 et
1424 1086 1569 1112 eorum
1587 1070 1891 1113 successoribus
1912 1071 1958 1113 in
1974 1070 2153 1114 liberam

189 1176 342 1218 puram
373 1164 415 1203 et
446 1166 695 1217 perpetuam
727 1161 1002 1204 elemosinam
1030 1161 1188 1217 absque
1234 1162 1350 1203 omni
1386 1162 1557 1203 servitio
1603 1161 1648 1203 in
1695 1167 1951 1218 perpetuum
1993 1165 2154 1205 statuto

189 1259 334 1296 contra
355 1253 572 1309 religiosos
593 1253 644 1295 de
666 1253 788 1294 terris
810 1256 852 1295 et
874 1253 1130 1295 tenementis
1150 1268 1236 1294 non
1259 1252 1534 1308 adquirendis
1556 1268 1643 1294 non
1676 1252 1885 1295 obstante.
1953 1252 2155 1297 Volentes

187 1345 347 1387 eisdem
369 1345 469 1386 viris
488 1344 698 1400 religiosis
718 1345 905 1400 gratiam
927 1344 1064 1386 facere
1087 1343 1323 1386 uberiorem
1355 1343 1626 1386 concedimus
1658 1345 1772 1399 quod
1803 1344 1884 1399 ipsi
1918 1344 2153 1399 predictam

186 1436 403 1479 ecclesiam
436 1451 532 1478 cum
563 1436 760 1478 omnibus
791 1434 992 1477 membris
1023 1439 1064 1477 et
1096 1435 1366 1490 pertinentiis
1398 1435 1483 1477 suis
1515 1434 1595 1477 sibi
1626 1435 1898 1491 appropriare
1928 1436 2091 1491 possint
2111 1439 2154 1479 et

186 1543 280 1570 eam
302 1528 359 1570 sic
379 1528 695 1584 appropriatam
717 1528 762 1569 in
784 1527 976 1583 proprios
999 1541 1097 1569 usus
1117 1531 1262 1568 tenere
1283 1527 1329 1568 in
1351 1526 1490 1568 forma
1523 1526 1756 1582 prescripta
1787 1525 1946 1582 absque
1977 1526 2154 1582 aliquali

187 1619 430 1675 calumpnia
451 1620 518 1662 vel
546 1619 798 1661 clamatione
830 1618 964 1661 nostri
995 1619 1062 1660 vel
1092 1618 1297 1660 heredum
1329 1623 1572 1660 nostrorum
1604 1617 1649 1659 in
1681 1617 1874 1659 futurum
1910 1618 2151 1673 supradicto

187 1714 346 1754 statuto
375 1726 461 1753 non
493 1710 688 1752 obstante
719 1725 847 1766 quam
882 1710 1054 1766 quidem
1085 1709 1476 1765 appropriationem
1507 1708 1707 1764 predictis
1739 1708 1840 1749 viris
1870 1708 2078 1764 religiosis
2109 1712 2152 1752 et

186 1818 332 1846 eorum
364 1802 668 1845 successoribus
699 1802 944 1844 faciendum
975 1802 1234 1843 ratificamus
1265 1806 1306 1843 et
1337 1801 1637 1843 confirmamus
1667 1800 1712 1841 in
1743 1803 2011 1855 perpetuum.
2094 1799 2150 1843 In

188 1894 311 1951 cujus
331 1895 392 1936 rei
412 1894 706 1937 testimonium
727 1893 917 1950 sigillum
948 1892 1195 1935 cancellarie
1216 1898 1359 1934 nostre
1389 1893 1441 1934 de
1474 1891 1659 1934 Kinmp
1690 1890 1790 1932 huic
1820 1891 2007 1947 presenti
2037 1895 2150 1934 carte

188 1989 330 2028 nostre
371 1985 548 2027 fecimus
588 1984 758 2040 apponi.
836 1983 922 2025 His
963 1983 1142 2026 testibus
1175 2017 1182 2025 .
1217 1983 1416 2025 Dominis
1459 1982 1692 2025 GILBERTO
1723 1982 1775 2024 de
1807 1981 2106 2024 TURBERVILL
2139 2016 2147 2024 .

191 2075 407 2119 Hmmco
428 2077 480 2118 de
508 2075 790 2117 UMFRAVILL
814 2109 822 2116 .
848 2074 1035 2116 Romano
1066 2075 1117 2116 de
1150 2073 1457 2116 BERKEROLES
1490 2108 1497 2115 .
1532 2073 1752 2115 JOHANNE
1783 2074 1836 2114 de
1867 2073 2034 2115 AVENE
2067 2107 2076 2116 .
2109 2077 2152 2116 et

191 2166 413 2211 JOHANNE
444 2167 496 2208 de
526 2165 776 2208 LANGETON
809 2164 1018 2207 militibus
1060 2198 1068 2206 .
1112 2165 1333 2207 JOHANNE
1373 2164 1412 2205 le
1452 2163 1658 2206 Nonnms
1692 2198 1699 2206 .
1733 2163 1935 2205 MATHEO
1968 2164 2005 2206 le
2035 2163 2152 2207 Soon

192 2262 235 2302 et
256 2259 362 2301 aliis.

252 2349 417 2392 Datum
453 2349 567 2404 apud
603 2347 819 2390 KAERmF
852 2348 978 2390 tertio
1012 2348 1174 2389 decimo
1206 2347 1275 2389 die
1305 2345 1566 2402 Septembris
1594 2360 1706 2387 anno
1735 2346 1898 2388 domini
1927 2346 2151 2389 millesimo

194 2439 479 2483 tricentesimo
501 2438 827 2494 quadragesimo
848 2438 984 2494 primo
1005 2441 1048 2480 et
1069 2438 1198 2479 etiam
1220 2453 1332 2480 anno
1354 2437 1477 2494 regni
1506 2437 1640 2492 Regis
1661 2436 1887 2478 EDWARDI
1919 2437 2036 2479 tertii
2056 2442 2151 2493 post

196 2535 472 2587 conquestum
494 2530 643 2586 quinto
665 2530 840 2572 decimo.
907 2528 1077 2586 [1341]

256 2623 348 2664 Nos
387 2625 531 2663 autem
570 2621 784 2677 predictus
823 2620 1086 2662 EDWARDUS
1125 2621 1165 2662 le
1215 2620 1485 2662 DEsPENsER
1534 2618 1732 2661 dominus
1774 2617 2076 2661 GLAMORGAN'
2108 2624 2151 2662 et

200 2713 450 2755 MORGANIE
471 2727 546 2768 pro
568 2712 701 2754 salute
723 2712 864 2754 anime
889 2715 1030 2753 nostre
1061 2715 1103 2753 et
1134 2710 1374 2753 animarum
1405 2709 1538 2765 patris
1558 2709 1692 2752 nostri
1713 2712 1754 2751 et
1776 2709 1924 2751 matris
1944 2713 2087 2752 nostre
2107 2714 2150 2753 et

199 2804 390 2847 omnium
413 2806 721 2845 antecessorum
743 2806 785 2844 et
803 2802 1009 2845 heredum
1029 2806 1270 2844 nostrorum
1287 2816 1432 2843 omnes
1448 2803 1583 2842 cartas
1600 2799 1849 2842 donationes
1866 2801 2149 2844 concessiones

198 2895 538 2938 confirmationes
570 2897 611 2935 et
647 2893 1002 2950 appropriationis
1037 2893 1228 2935 licentias
1263 2892 1473 2948 predictas
1508 2894 1551 2934 et
1587 2906 1732 2933 omnes
1759 2891 1864 2933 alias
1899 2892 2149 2935 donationes

200 2986 481 3029 concessiones
501 2988 542 3027 et
571 2984 910 3027 confirmationes
940 2999 964 3025 a
995 2983 1176 3040 singulis
1206 2981 1538 3025 antecessoribus
1567 2981 1720 3024 nostris
1742 2986 1782 3023 et
1805 2980 1858 3023 ab
1887 2982 1981 3024 aliis
2005 2981 2149 3025 liberis
