2362 3392
1977 249 2089 291 1667

200 457 450 501 WILLELMI
482 457 673 500 OHOUNT
702 457 749 500 in
779 460 899 513 parte
929 457 1081 500 boriali
1121 460 1163 500 et
1202 461 1374 513 pratum
1405 459 1601 499 vocatum
1630 455 1917 498 LITILLMORE
1948 457 1994 498 in
2024 460 2145 512 parte

199 548 394 591 orientali
415 551 457 590 et
477 551 635 590 terram
657 548 836 590 Roemu
858 547 1092 590 LEWELYN
1113 548 1159 589 in
1179 550 1300 604 parte
1321 546 1572 590 occidentali
1599 581 1606 589 .
1640 545 1745 589 Una
1775 562 1871 600 acra
1901 547 2012 601 prati
2031 563 2045 602 J
2054 549 2145 589 acet

199 639 245 681 in
267 640 452 695 quodam
483 639 624 681 clauso
655 640 766 695 apud
810 639 1012 681 FLODIAT
1046 640 1091 681 in
1133 642 1253 694 parte
1294 638 1544 681 occidentali
1585 637 1777 694 ejusdem
1818 638 1949 680 clausi
1994 673 2001 680 .
2041 638 2146 680 Tres

197 745 290 772 acre
309 733 419 773 terre
440 730 614 772 insimul
634 730 778 786 jacent
797 730 844 772 in
875 729 1284 772 HAMONDESLONDE
1313 730 1426 772 inter
1457 729 1671 785 quoddam
1692 729 1883 771 clausum
1904 730 1957 771 de
1978 729 2144 785 prefato

195 820 384 863 dominio
404 823 602 863 vocatum
622 820 1018 863 LAGHAINYSMORE
1039 822 1085 863 in
1106 825 1258 863 tenura
1279 821 1442 864 Amcm
1475 820 1652 864 WEBBE
1673 821 1718 862 in
1750 822 1870 876 parte
1893 821 2144 863 occidentali

200 914 244 953 et
265 911 380 953 viam
400 915 592 954 vocatam
614 911 968 954 PRENSAGHWEY
994 913 1040 954 in
1061 915 1180 968 parte
1203 912 1450 955 occidentali
1474 915 1515 953 et
1544 915 1702 953 terram
1733 911 1900 954 ΤΗΟΜΕ
1931 911 2148 953 FLEMING

199 1002 246 1044 in
265 1006 385 1058 parte
407 1003 582 1045 australi
603 1005 646 1045 et
675 1006 833 1046 terram
863 1003 1069 1045 ROBERTI
1100 1003 1293 1045 RAGLAN
1325 1005 1368 1045 et
1397 1005 1556 1044 terram
1586 1002 1616 1045 J
1618 1016 1818 1044 OHANNIS
1849 1003 1901 1044 de
1932 1002 2070 1044 ANNE
2102 1002 2148 1044 in

201 1096 320 1149 parte
341 1093 499 1136 boreali
532 1128 539 1135 .
573 1093 634 1136 Et
649 1094 733 1135 alia
749 1109 845 1136 acra
860 1097 969 1136 terre
985 1110 998 1150 J
1007 1097 1098 1137 acet
1113 1095 1158 1136 in
1175 1094 1582 1136 HAMONDESLONDE
1604 1093 1716 1136 inter
1729 1094 1943 1149 quoddam
1960 1094 2150 1135 clausum

201 1187 371 1239 pasture
401 1185 454 1226 de
484 1187 597 1226 terra
626 1200 763 1240 nuper
793 1185 985 1240 ejusdem
1016 1185 1045 1227 J
1047 1199 1235 1227 OHANNE
1268 1184 1455 1226 CLERKE
1485 1185 1531 1226 in
1562 1189 1682 1239 parte
1713 1184 1909 1226 orientali
1930 1187 1972 1226 et
1994 1187 2150 1226 terram

204 1290 341 1331 nuper
361 1275 555 1331 ejusdem
577 1275 606 1318 J
608 1290 796 1318 OHANNE
818 1278 860 1318 et
880 1279 1038 1318 terram
1059 1276 1278 1318 IsAssELLE
1311 1275 1497 1317 GLERKE
1527 1275 1675 1317 matris
1704 1290 1796 1317 mee
1826 1275 1872 1317 in
1903 1279 2024 1331 parte
2046 1275 2150 1317 occi-

203 1366 368 1409 dentali
407 1371 450 1409 et
489 1369 647 1409 terram
686 1382 822 1422 nuper
857 1366 1107 1410 WILLELMI
1148 1366 1338 1409 OHOUNT
1377 1367 1423 1408 in
1463 1365 1655 1422 partibus
1687 1366 1864 1408 australi
1899 1369 1941 1408 et
1981 1366 2152 1408 boreali.

207 1457 472 1500 Habendum
512 1457 722 1512 predictas
754 1458 976 1500 duodecim
1012 1473 1127 1499 acras
1161 1462 1271 1499 terre
1306 1458 1417 1513 prati
1457 1461 1499 1499 et
1539 1460 1708 1513 pasture
1749 1472 1846 1498 cum
1885 1457 2158 1512 pertinenciis

209 1549 396 1604 predicto
417 1548 682 1591 WlLLELMO
704 1548 899 1590 RAGLAN
921 1548 1044 1590 fratri
1066 1563 1159 1590 meo
1180 1551 1222 1590 et
1242 1547 1468 1590 heredibus
1498 1549 1583 1589 suis
1605 1549 1656 1589 de
1678 1562 1847 1602 corpore
1869 1562 1943 1589 suo
1964 1548 2156 1603 legitime

205 1639 444 1695 procreatis.
519 1638 772 1681 Tenendum
786 1639 838 1680 de
866 1654 932 1680 me
964 1639 1129 1694 prefato
1160 1639 1189 1681 J
1192 1653 1380 1680 OHANNE
1411 1642 1453 1680 et
1482 1637 1707 1679 heredibus
1737 1638 1853 1679 meis.
1917 1638 2156 1680 Reddendo

208 1730 308 1771 inde
330 1729 553 1771 annuatim
573 1729 680 1771 mihi
696 1733 738 1771 et
754 1729 980 1771 heredibus
1000 1729 1105 1771 meis
1121 1732 1303 1784 quatuor
1319 1729 1471 1770 solidos
1492 1729 1547 1770 ad
1561 1728 1720 1770 festum
1735 1727 1882 1770 Sancti
1898 1727 2157 1770 MICHAELIS

208 1820 481 1877 archiangeli.
544 1820 603 1862 Et
634 1820 830 1862 faciendo
862 1828 1017 1862 sectam
1047 1820 1270 1862 annuatim
1302 1821 1356 1861 ad
1387 1820 1522 1861 curias
1552 1819 1636 1861 mei
1667 1822 1710 1860 et
1737 1818 1943 1860 heredum
1963 1834 2155 1861 meorum

210 1913 324 1968 apud
356 1912 574 1953 LANTWIT
604 1912 842 1967 predictum
873 1913 1079 1954 tenendas
1109 1912 1173 1953 bis
1203 1912 1248 1953 in
1279 1926 1392 1953 anno
1423 1911 1619 1952 videlicet
1650 1911 1705 1951 ad
1736 1909 1897 1951 curiam
1919 1910 2157 1964 proximam

207 2006 301 2059 post
322 2003 480 2045 festum
501 2003 787 2058 apostolorum
808 2002 1025 2044 Pfflmpm
1047 2006 1089 2044 et
1110 2002 1139 2044 J
1141 2017 1268 2044 ACOBI
1290 2005 1331 2044 et
1352 2003 1406 2043 ad
1427 2002 1586 2043 curiam
1617 2001 1855 2056 proximam
1876 2004 1969 2056 post
1997 2000 2155 2043 festum

208 2094 354 2136 Sancti
375 2094 635 2136 MmHAEms
656 2094 929 2150 archiangeli.
992 2093 1052 2135 Et
1073 2093 1266 2135 faciendo
1288 2094 1431 2134 omnia
1451 2095 1494 2134 et
1518 2092 1688 2148 singula
1709 2107 1791 2146 que
1822 2092 1877 2133 ad
1906 2091 2156 2147 hujusmodi

210 2188 431 2227 sectatores
451 2185 669 2240 pertinent
688 2185 885 2227 facienda
905 2185 1137 2227 secuudum
1157 2199 1281 2226 usum
1303 2188 1344 2226 et
1365 2183 1715 2225 consuetudinem
1744 2183 1933 2238 partium
1962 2182 2154 2224 istarum.

211 2276 272 2318 Et
293 2277 405 2332 quod
425 2276 532 2318 bene
552 2276 695 2318 licebit
723 2276 829 2317 mihi
859 2275 1024 2331 prefato
1054 2275 1084 2318 J
1087 2289 1264 2317 OHANNI
1294 2290 1368 2330 per
1398 2274 1673 2316 senescallum
1704 2274 1817 2315 curie
1847 2288 1940 2315 mee
1970 2273 2157 2328 predicte

209 2383 284 2423 pro
315 2370 504 2422 tempore
535 2367 788 2409 existentem
817 2382 864 2409 ac
894 2365 1118 2408 heredibus
1149 2366 1252 2408 meis
1283 2381 1356 2421 per
1386 2380 1532 2408 eorum
1563 2365 1839 2407 senescallum
1870 2379 1945 2419 pro
1967 2367 2156 2420 tempore

210 2459 462 2501 existentem
493 2458 608 2500 curia
636 2458 825 2513 predicta
857 2457 1074 2513 prefatum
1108 2456 1405 2501 WILLELMUM
1436 2459 1478 2499 et
1516 2457 1690 2498 heredes
1720 2470 1815 2498 suos
1845 2454 2054 2510 predictos
2084 2470 2160 2511 pro

209 2565 354 2592 eorum
374 2549 536 2591 defalta
557 2552 665 2591 secte
687 2548 799 2591 curie
822 2548 1006 2603 predicte
1029 2553 1074 2590 ut
1095 2549 1326 2604 predicitur
1348 2548 1535 2590 faciende
1556 2548 1711 2589 totiens
1731 2546 1926 2601 quotiens
1947 2545 2155 2587 defaltam

210 2640 387 2682 fecerint
422 2639 647 2681 amerciare
682 2643 724 2681 et
759 2655 834 2695 pro
865 2641 1013 2681 eodem
1047 2640 1372 2681 amerciamento
1410 2654 1484 2695 per
1513 2638 1722 2680 ballivum
1751 2637 1836 2679 mei
1871 2639 1914 2678 et
1948 2636 2154 2679 heredum

213 2745 404 2772 meorum
435 2746 511 2786 pro
546 2733 734 2785 tempore
766 2730 1019 2772 existentem
1052 2730 1147 2773 illos
1183 2731 1436 2786 distringere
1477 2733 1519 2771 et
1549 2729 1658 2771 illud
1697 2728 2074 2770 amerciamentum
2115 2730 2156 2770 et

211 2821 521 2863 districtionem
542 2826 668 2877 prout
688 2821 816 2862 moris
837 2824 898 2862 est
918 2821 1069 2863 levare.
1131 2821 1192 2863 Et
1213 2821 1518 2876 duplicandum
1538 2820 1668 2862 etiam
1687 2818 1903 2861 redditum
1918 2818 2158 2873 predictum

214 2916 308 2968 post
330 2912 561 2967 quemlibet
581 2927 727 2954 eorum
747 2913 962 2954 decessum
981 2912 1152 2954 nomine
1171 2912 1318 2954 relevii
1339 2927 1414 2968 pro
1435 2910 1631 2953 omnibus
1661 2910 1754 2951 aliis
1785 2908 1980 2950 serviciis,
2042 2907 2104 2950 Et
2124 2908 2159 2950 si

218 3002 441 3059 contingat
470 3002 686 3058 prefatum
717 3001 1018 3045 W1LLELMUM
1049 3002 1243 3044 RAGLAN
1275 3002 1389 3044 obire
1421 3001 1510 3043 sine
1550 2999 1775 3043 heredibus
1805 3000 1858 3041 de
1888 3013 2058 3053 corpore
2087 3013 2163 3040 suo
