2362 3392
263 245 373 287 1822

1030 447 1322 492 MOCCXVI.

207 550 424 595 GRANT
474 550 561 593 BY
611 548 876 601 GEORGE,
927 547 1158 591 BISHOP
1210 547 1288 590 OF
1337 546 1696 598 LLANDAFF,
1747 545 1824 589 ΤΟ
1875 543 2154 589 HOWELL

352 634 578 685 CARNE,
609 633 687 676 OF
712 632 842 675 THE
871 631 1098 674 MANOR
1126 630 1204 673 OF
1235 629 1464 672 LITTLE
1493 629 1680 681 NASH,
1711 629 1794 672 AT
1821 629 1865 672 A
1890 627 2154 671 YEARLY

354 717 524 760 RENT
571 716 650 758 OF
694 713 1089 758 THIRTY-ONE
1139 711 1492 756 SHILLINGS.

931 804 1112 861 [CARNE
1134 803 1253 860 MS]
1318 805 1368 845 11
1392 803 1503 845 DEc.
1558 803 1610 844 13
1632 802 1757 845 HEN.
1781 802 1916 846 VIII.
1973 803 2094 843 1521.

268 907 500 949 Gssoacms
529 906 803 961 permissione
833 905 981 946 divina
1011 903 1328 946 LANDAVENSIS
1358 902 1576 958 episcopus
1608 902 1814 943 universis
1839 905 1980 943 sancte
2008 900 2156 943 matris

205 999 374 1042 ecclesie
405 997 503 1039 filiis
533 998 588 1039 ad
618 1012 723 1052 quos
753 1011 924 1052 presens
954 996 1158 1050 scriptum
1188 998 1380 1036 nostrum
1411 995 1650 1049 pervenerit
1681 994 1861 1035 salutem
1892 992 2080 1049 graciam
2111 994 2154 1034 et

209 1089 558 1132 benedictionem.
622 1086 774 1130 Sciatis
789 1101 866 1129 nos
882 1087 1046 1128 dedisse
1068 1085 1313 1127 Concessisse
1330 1100 1377 1127 ac
1392 1084 1578 1140 presenti
1599 1090 1714 1126 carta
1729 1088 1874 1126 nostra
1889 1083 2156 1125 confirmasse

209 1196 285 1236 pro
318 1180 440 1222 nobis
475 1184 517 1221 et
550 1178 853 1221 successoribus
885 1178 1039 1219 nostris
1080 1178 1232 1219 dilecto
1273 1175 1395 1218 nobis
1435 1176 1479 1217 in
1522 1175 1718 1217 CHRISTo
1757 1174 1964 1216 Howssm
1998 1173 2156 1216 CARNE

207 1272 446 1314 manerium
468 1275 657 1312 nostrum
680 1270 733 1311 de
754 1269 912 1311 PARvo
940 1268 1180 1310 FFRAxmo
1210 1268 1315 1310 alias
1344 1267 1517 1309 LITELL
1547 1266 1731 1308 NAssmz
1763 1281 1859 1308 cum
1890 1264 2086 1307 omnibus
2115 1267 2158 1307 et

208 1363 388 1417 singulis
410 1362 494 1404 suis
514 1360 782 1417 pertinentiis
803 1375 849 1402 ac
870 1359 1002 1402 eciam
1025 1359 1146 1401 terris
1174 1358 1427 1401 tenementis
1448 1357 1581 1413 pratis
1610 1357 1774 1413 pascuis
1813 1357 1996 1412 pasturis
2025 1355 2159 1398 boscis

210 1452 476 1510 su[b]boscis
497 1457 539 1494 et
561 1451 798 1494 redditibus
818 1466 982 1493 necnon
1004 1466 1100 1493 cum
1121 1449 1318 1492 omnibus
1339 1454 1381 1491 et
1403 1448 1584 1504 singulis
1603 1447 1976 1491 commoditatibus
1996 1447 2156 1490 emolu-

209 1545 364 1586 mentis
394 1547 437 1586 et
467 1543 665 1599 proficuis
705 1542 1026 1598 quibuscunque
1067 1542 1203 1583 eidem
1242 1540 1432 1582 manerio
1468 1540 1818 1595 qualitercunque
1848 1537 2161 1594 pertinentibus

211 1637 298 1677 sive
330 1635 628 1691 spectantibus.

271 1726 536 1769 Habendum
568 1731 610 1768 et
641 1726 874 1767 tenendum
906 1724 1144 1779 predictum
1176 1724 1414 1765 manerium
1442 1737 1538 1764 cum
1568 1721 1764 1763 omnibus
1792 1732 1833 1762 et
1866 1721 2047 1776 singulis
2077 1720 2163 1762 suis

214 1817 483 1873 pertinentiis
504 1832 552 1858 ac
574 1816 706 1858 eciam
728 1815 851 1857 terris
870 1814 1127 1857 tenementis
1148 1814 1280 1869 pratis
1300 1813 1465 1869 pascuis
1478 1812 1661 1869 pasturis
1681 1811 1813 1854 boscis
1835 1810 2100 1868 su[b]boscis
2120 1813 2164 1853 et

214 1908 451 1950 redditibus
497 1923 659 1950 necnon
706 1922 802 1949 cum
847 1906 1042 1948 omnibus
1084 1911 1125 1946 et
1172 1905 1352 1961 singulis
1382 1903 1754 1946 commoditatibus
1796 1903 2092 1945 emolumentis
2121 1905 2165 1944 et

215 2001 412 2056 proficuis
425 2000 746 2055 quibuscunque
761 2000 898 2041 eidem
920 1998 1108 2040 manerio
1130 1998 1479 2053 qualitercunque
1499 1995 1810 2052 pertinentibus
1831 1995 1916 2037 sive
1938 1994 2163 2050 spectanti-

217 2091 297 2134 bus
310 2092 475 2147 prefato
494 2091 700 2133 Howssm
714 2090 871 2133 CARNE
893 2089 1119 2132 heredibus
1135 2095 1176 2131 et
1190 2089 1416 2145 assignatis
1432 2088 1517 2129 suis
1540 2089 1865 2143 imperpetuum.
1928 2086 2165 2128 Reddendo

218 2183 318 2224 inde
333 2184 556 2224 annuatim
578 2182 699 2225 nobis
719 2186 761 2224 et
777 2181 1079 2224 successoribus
1094 2181 1249 2222 nostris
1264 2180 1577 2235 imperpetuum
1592 2178 1774 2233 triginta
1794 2184 1836 2219 et
1856 2191 1991 2219 unum
2012 2176 2166 2219 solidos

222 2274 372 2330 legalis
392 2279 561 2316 monete
582 2274 767 2315 ANGmE
801 2307 808 2314 .
842 2272 1075 2315 Solvendos
1096 2286 1259 2326 semper
1279 2271 1333 2312 ad
1355 2270 1527 2312 ffestum
1549 2268 1695 2311 Sancti
1716 2268 1975 2310 MICHAELrs
1989 2266 2166 2310 archan-

224 2366 311 2421 geli
331 2380 407 2421 pro
428 2364 625 2407 omnibus
645 2364 740 2406 aliis
760 2363 941 2406 servitiis
961 2362 1251 2405 exactionibus
1271 2367 1312 2403 et
1326 2360 1548 2403 demandis
1564 2360 1690 2402 salvis
1702 2360 1824 2401 sectis
1840 2359 1953 2400 curie
1968 2362 2110 2401 nostre
2125 2362 2169 2401 et

225 2471 505 2498 successorum
527 2459 766 2497 nostrorum
786 2454 957 2497 ibidem.
1020 2454 1078 2495 Et
1100 2468 1176 2494 nos
1199 2468 1295 2494 vero
1318 2452 1549 2494 GEORGIUS
1577 2451 1815 2493 antedictus
1846 2454 1887 2491 et
1917 2463 2169 2491 successores

226 2548 359 2590 nostri
390 2547 628 2603 predictum
658 2547 895 2589 manerium
927 2561 1022 2588 cum
1054 2545 1250 2587 omnibus
1281 2551 1323 2586 et
1353 2544 1533 2599 singulis
1563 2543 1649 2585 suis
1679 2541 1947 2597 pertinentiis
1967 2556 2015 2583 ac
2036 2541 2168 2583 eciam

226 2639 350 2681 terris
370 2638 625 2680 tenementis
645 2638 777 2693 pratis
797 2638 962 2693 pascuis
978 2636 1162 2692 pasturis
1182 2635 1315 2677 boscis
1336 2635 1547 2677 subboscis
1568 2638 1610 2676 et
1630 2633 1867 2675 redditibus
1887 2647 2051 2674 necnon
2071 2646 2169 2674 cum

227 2729 423 2771 omnibus
444 2736 485 2770 et
508 2728 688 2785 singulis
709 2727 1079 2770 commoditatibus
1099 2727 1397 2768 emolumentis
1417 2729 1460 2767 et
1479 2725 1675 2781 proficuis
1690 2724 2011 2779 quibuscunque
2031 2723 2170 2765 eidem

226 2821 415 2862 manerio
436 2820 786 2875 qualitercunque
807 2818 1118 2873 pertinentibus
1139 2818 1224 2859 sive
1255 2815 1543 2872 spectantibus
1573 2815 1761 2871 predicto
1783 2814 1989 2856 HowELo
2012 2813 2169 2855 CARNE

225 2911 450 2953 heredibus
470 2914 511 2951 et
533 2910 758 2965 assignatis
778 2910 864 2952 suis
884 2910 1198 2964 imperpetuum
1219 2913 1365 2949 contra
1387 2921 1531 2949 omnes
1562 2916 1710 2962 gentes
1740 2904 2108 2946 warantizabimus
2128 2906 2172 2945 et

226 3003 517 3044 defendemus.
