2362 3392
350 213 461 255 1970

289 419 481 462 cionibus
508 417 842 461 concessionibus
869 421 911 460 et
943 416 1260 460 condicionibus
1284 432 1366 471 que
1399 416 1575 458 firmarii
1603 416 1903 472 premissorum
1939 431 2165 459 exonerare
2192 420 2235 459 et

296 510 455 553 solvere
477 512 689 552 tenentur.

352 600 558 644 Volentes
579 599 693 642 enim
714 602 756 641 et
776 614 851 655 per
867 602 1080 655 presentes
1101 598 1280 640 firmiter
1300 597 1569 654 injungendo
1585 598 1863 653 precipientes
1882 602 1972 640 tam
1993 598 2241 641 cancellario

291 694 334 733 et
358 691 529 733 consilio
561 692 703 732 nostro
732 689 841 731 dicte
863 689 976 731 curie
1003 692 1146 731 nostre
1174 688 1578 744 augmentacionum
1601 689 1901 731 revencionum
1922 703 2072 731 corone
2092 692 2233 732 nostre

288 796 418 837 quam
453 781 649 823 omnibus
684 779 969 835 receptoribus
1009 779 1274 822 auditoribus
1311 785 1354 821 et
1388 779 1483 822 aliis
1515 780 1725 822 officiariis
1758 784 1799 822 et
1833 779 2038 822 ministris
2078 780 2232 822 nostris

290 872 494 915 heredum
515 874 558 914 et
578 886 860 914 successorum
881 875 1121 913 nostrorum
1146 870 1481 926 quibuscumque
1508 886 1582 926 pro
1613 874 1802 926 tempore
1823 870 2103 913 existentibus
2123 871 2237 926 quod

292 963 375 1018 ipsi
402 966 444 1004 et
469 977 614 1005 eorum
639 961 819 1018 quilibet
845 976 969 1018 super
989 961 1121 1004 solam
1143 961 1550 1004 demonstracionem
1569 961 1721 1004 harum
1741 961 1981 1003 litterarum
2000 964 2242 1004 nostrarum

296 1054 538 1110 patencium
562 1053 627 1095 vel
647 1053 1021 1095 irrotulamentum
1042 1054 1274 1094 earundem
1296 1052 1452 1108 absque
1473 1052 1615 1107 aliquo
1636 1052 1720 1094 3110
1743 1051 1860 1094 brevi
1886 1066 1958 1094 seu
1989 1055 2198 1094 warranto
2218 1066 2243 1094 a

293 1144 415 1186 nobis
434 1143 660 1186 heredibus
681 1144 748 1187 vel
764 1143 1066 1186 successoribus
1083 1144 1237 1186 nostris
1251 1158 1419 1199 quoquo
1441 1144 1567 1186 modo
1579 1143 1845 1199 impetrando
1859 1157 1933 1185 seu
1948 1143 2239 1199 prosequendo

296 1234 466 1290 plenam
486 1234 699 1290 integram
719 1234 993 1290 debitamque
1010 1234 1308 1276 allocacionem
1329 1234 1660 1276 defalcacionem
1680 1236 1722 1275 et
1743 1234 2090 1276 exoneracionem
2104 1234 2240 1276 mani-

298 1325 451 1368 festam
472 1327 525 1367 de
541 1324 738 1368 omnibus
753 1329 795 1368 et
812 1325 1066 1368 omnimodis
1081 1324 1329 1380 hujusmodi
1345 1324 1542 1367 corrodiis
1557 1324 1792 1367 redditibus
1805 1325 1940 1367 feodis
1956 1324 2250 1367 annuitatibus

300 1419 343 1458 et
377 1416 649 1459 denariorum
682 1416 859 1458 summis
891 1417 943 1458 de
979 1416 1192 1472 premissis
1227 1421 1275 1457 ut
1312 1416 1521 1471 prefertur
1555 1415 1808 1458 exeuntibus
1836 1430 1908 1457 seu
1941 1415 2151 1457 solvendis
2180 1415 2248 1457 vel

301 1507 527 1563 superinde
549 1507 734 1550 oneratis
755 1522 828 1549 seu
849 1507 1074 1550 onerandis
1099 1507 1301 1563 (exceptis
1321 1508 1598 1562 preexceptis)
1624 1506 1789 1562 prefato
1817 1507 1958 1549 Rlcsso
1985 1506 2248 1549 Mamm,

295 1596 520 1640 heredibus
539 1603 582 1640 et
603 1598 830 1654 assignatis
851 1598 937 1640 suis
958 1598 1116 1640 facient
1138 1602 1180 1640 et
1202 1599 1254 1640 de
1276 1601 1464 1653 tempore
1485 1598 1530 1639 in
1551 1601 1719 1654 tempus
1738 1598 1830 1640 fieri
1851 1597 2094 1640 causabunt.

354 1687 415 1730 Et
435 1688 511 1730 hec
532 1688 672 1730 littere
689 1691 829 1731 nostre
852 1692 1044 1744 patentes
1060 1692 1186 1730 erunt
1206 1689 1270 1730 vel
1292 1689 1663 1731 irrotulamentum
1679 1689 1909 1731 earundem
1925 1689 2005 1731 erit
2021 1689 2244 1732 annuatim

300 1781 343 1821 et
363 1779 416 1821 de
436 1782 625 1834 tempore
646 1779 691 1820 in
712 1782 880 1834 tempus
900 1783 990 1821 tam
1011 1779 1134 1821 dictis
1156 1778 1405 1821 cancellario
1427 1783 1467 1821 et
1490 1779 1662 1821 consilio
1684 1786 1827 1821 nostro
1845 1779 1955 1821 dicte
1976 1779 2089 1821 curie
2105 1783 2247 1822 nostre

298 1870 704 1925 augmentacionum
732 1870 1030 1912 revencionum
1063 1885 1212 1912 corone
1244 1876 1385 1912 nostre
1417 1884 1546 1926 quam
1582 1869 1777 1912 omnibus
1814 1870 2098 1926 receptoribus
2125 1871 2244 1912 audi-

298 1960 461 2003 toribus
493 1965 535 2002 et
564 1961 658 2003 aliis
685 1961 894 2004 officiariis
915 1964 957 2004 et
984 1961 1190 2003 ministris
1219 1962 1372 2003 nostris
1398 1961 1603 2003 heredum
1629 1964 1669 2002 et
1699 1975 1980 2003 successorum
2007 1965 2248 2004 nostrorum

298 2051 635 2107 quibuscumque
663 2067 737 2107 pro
767 2056 955 2108 tempore
990 2052 1270 2094 existentibus
1305 2052 1513 2094 sufficiens
1550 2057 1808 2094 warrantum
1845 2057 1886 2094 et
1922 2053 2168 2095 exoneracio
2202 2052 2248 2095 in

307 2143 386 2185 hac
406 2147 538 2198 parte.

362 2234 572 2277 Volumus
600 2235 733 2277 eciam
761 2238 802 2277 et
830 2249 905 2290 per
931 2240 1146 2290 presentes
1174 2235 1440 2277 concedimus
1470 2234 1637 2289 prefato
1670 2234 1810 2276 Rlcno
1849 2234 2111 2276 MAUNXELL
2137 2236 2251 2290 quod

306 2325 460 2368 habeat
497 2330 539 2368 et
567 2325 739 2367 habebit
767 2325 843 2367 has
872 2326 1035 2367 litteras
1066 2330 1230 2367 nostras
1251 2329 1444 2380 patentes
1466 2325 1543 2367 sub
1564 2339 1721 2382 magno
1743 2325 1883 2382 sigillo
1905 2331 2046 2368 nostro
2067 2325 2251 2368 ANGLIE

310 2416 452 2460 debito
473 2418 598 2458 modo
621 2416 754 2458 factas
774 2421 817 2458 et
837 2417 1044 2472 sigillatas
1076 2416 1232 2471 absque
1264 2416 1347 2458 fine
1378 2431 1450 2458 seu
1480 2416 1604 2458 feodo
1632 2431 1789 2472 magno
1811 2417 1877 2458 vel
1901 2431 2030 2472 parvo
2060 2416 2182 2459 nobis
2209 2417 2255 2459 in

316 2506 547 2562 hanaperio
580 2513 723 2549 nostro
759 2522 832 2549 seu
867 2507 969 2549 alibi
1002 2508 1056 2549 ad
1088 2521 1213 2549 usum
1246 2511 1437 2549 nostrum
1473 2507 1650 2562 proinde
1684 2521 1852 2562 quoquo
1887 2508 2013 2549 modo
2044 2508 2259 2550 reddendo

317 2598 518 2640 solvendo
540 2597 607 2639 vel
627 2596 836 2639 faciendo.

377 2689 444 2731 Eo
465 2690 579 2745 quod
599 2703 794 2743 expressa
815 2689 978 2731 mencio
999 2690 1051 2731 de
1072 2704 1169 2731 vero
1191 2689 1330 2732 valore
1351 2704 1494 2731 annuo
1519 2692 1593 2731 aut
1613 2690 1666 2730 de
1691 2688 1944 2731 certitudine
1964 2689 2261 2745 premissorum

316 2781 404 2824 sive
428 2795 573 2823 eorum
600 2780 783 2836 alicujus
809 2783 884 2823 aut
905 2781 956 2822 de
978 2780 1072 2823 aljis
1092 2780 1214 2823 donis
1235 2780 1321 2822 sive
1342 2778 1677 2823 concessionibus
1698 2794 1771 2835 per
1792 2795 1867 2822 nos
1887 2780 1955 2821 vel
1975 2794 2050 2835 per
2069 2780 2256 2835 aliquem

321 2871 642 2928 progenitorum
673 2874 914 2913 nostrorum
945 2871 1083 2914 eidem
1119 2871 1261 2914 R10E0
1295 2870 1573 2913 MAUNXELL’
1607 2873 1706 2912 ante
1738 2869 1814 2912 hec
1839 2873 2031 2925 tempora
2061 2870 2186 2913 factis
2216 2870 2263 2913 in

322 2962 586 3019 presentibus
613 2962 789 3004 minime
817 2962 931 3005 facta
956 2962 1113 3015 existit,
1145 2965 1219 3005 aut
1248 2962 1392 3018 aliquo
1419 2964 1579 3004 statuto
1607 2966 1705 3004 actu
1732 2961 2001 3004 ordinacione
2027 2961 2266 3017 provisione
