2362 3392
1961 187 2069 228 1749

1019 389 1298 433 MOOLXII.

179 484 379 529 LEASE
439 485 562 529 FOR
621 485 805 530 LIVES
864 486 951 530 BY
1019 487 1049 530 J
1052 487 1201 541 OHN,
1270 488 1477 532 ABBOT
1546 489 1625 532 OF
1688 490 1978 542 MARGAM,
2049 490 2126 533 ΤΟ

323 575 616 620 WILLIAM
674 576 957 629 HOPKYN,
1013 577 1043 621 J
1046 577 1263 630 UNIOR,
1324 578 1470 632 ETO„
1532 579 1611 623 OF
1669 580 1714 623 A
1774 580 2123 624 TENEMENT

323 666 570 709 GALLED
645 667 918 710 MAYRDE
989 667 1124 711 AND
1196 668 1372 713 LAND
1449 669 1698 713 OALLED
1773 671 2123 724 PYSHYLLE,

322 756 532 800 AFTER
572 756 703 800 THE
744 757 1027 801 DEOEASE
1070 758 1147 801 OF
1199 759 1456 804 THOMAS
1507 760 1589 804 ΑΡ
1643 760 1740 804 GR’
1794 761 1938 814 LYA,
1994 761 2126 804 THE

324 847 608 891 PRESENT
649 847 923 892 TENANT.

893 939 1125 997 [MARGAM
1157 941 1412 999 CHARTER]

1381 1026 1407 1066 2
1429 1024 1612 1067 MARCH.
1677 1026 1788 1067 1493
1815 1026 1898 1081 (for
1921 1027 2065 1081 1494).

234 1113 332 1155 Hec
366 1113 595 1155 indentura
627 1113 741 1155 facta
773 1113 885 1156 inter
917 1113 946 1156 J
948 1128 1172 1157 OHANNEM
1215 1115 1412 1158 abbatem
1447 1116 1692 1159 monasterii
1720 1116 1841 1159 beate
1876 1116 2036 1159 MARIE
2071 1118 2123 1160 de

175 1203 380 1246 MARGAN
404 1236 412 1245 .
437 1205 480 1244 et
500 1203 693 1259 ejusdem
714 1203 794 1245 loci
816 1206 1049 1246 conventus
1072 1239 1079 1247 .
1104 1220 1156 1246 ex
1186 1208 1306 1260 parte
1332 1220 1418 1248 una
1445 1239 1453 1247 .
1488 1205 1547 1248 Et
1576 1205 1877 1250 WILLELMUM
1905 1207 2123 1249 HOPKYN'

172 1294 387 1351 juniorem
410 1328 417 1336 .
443 1293 770 1335 MARGARETAM
792 1309 886 1336 verz
909 1294 994 1336 GR'
1018 1310 1193 1337 uxorem
1222 1295 1316 1351 ejus
1339 1329 1347 1338 .
1371 1300 1413 1338 et
1436 1329 1617 1339 ......
1645 1297 1782 1339 filium
1810 1298 2041 1340 eorundem
2073 1314 2125 1341 ex

170 1390 290 1443 parte
325 1385 458 1427 altera
496 1418 504 1426 .
543 1386 723 1426 testatur
763 1385 876 1440 quod
916 1385 1095 1440 predicti
1136 1386 1265 1428 abbas
1300 1390 1343 1429 et
1376 1390 1607 1429 conventus
1640 1388 1835 1430 unanimi
1868 1404 2041 1431 assensu
2076 1392 2117 1432 et

169 1490 376 1520 concensu
395 1478 687 1518 concesserunt
702 1475 972 1518 tradiderunt
992 1479 1035 1518 et
1051 1477 1304 1519 dimiserunt
1320 1477 1496 1533 prefatis
1514 1476 1770 1522 WILLELMO
1795 1513 1802 1520 .
1827 1479 2116 1522 MARGARETE

172 1570 214 1610 et
236 1600 415 1610 ......
448 1565 729 1608 reversionem
753 1566 881 1608 unius
901 1567 1134 1610 tenementi
1157 1602 1165 1610 .
1188 1569 1314 1610 modo
1334 1569 1380 1610 in
1400 1568 1598 1611 manibus
1618 1568 1786 1611 THoME
1808 1585 1861 1625 ap
1884 1569 1968 1612 GR'
1993 1570 2091 1613 LYA
2111 1605 2119 1613 .

167 1659 304 1702 vocati
343 1657 544 1700 MAYRDE
578 1660 620 1699 et
655 1672 788 1699 unam
820 1657 1050 1712 parcellam
1084 1661 1194 1701 terre
1228 1662 1421 1701 vocatam
1462 1659 1717 1702 PYSHYLLE.
1779 1660 2045 1704 Habendum
2081 1666 2122 1705 et

170 1750 404 1792 tenendum
437 1747 675 1803 predictum
707 1750 1002 1790 tenementum
1031 1752 1072 1791 et
1101 1750 1331 1805 parcellam
1359 1756 1469 1792 terre
1496 1765 1593 1792 cum
1626 1750 1824 1794 omnibus
1853 1752 2122 1807 pertinentiis

172 1840 258 1883 suis
287 1843 381 1895 post
412 1839 627 1880 decessum
658 1839 836 1893 predicti
863 1838 1030 1881 ΤΗΟΜΕ
1064 1839 1241 1895 prefatis
1269 1840 1526 1884 WILLELMO
1554 1841 1843 1883 MARGARETE
1874 1845 1917 1884 et
1939 1876 2119 1886 ......

171 1946 246 1988 per
279 1946 375 1973 suas
410 1929 607 1985 antiquas
645 1934 780 1971 metas
819 1934 861 1971 et
901 1929 1068 1972 bundas
1108 1930 1215 1972 sicut
1255 1931 1468 1986 predictus
1504 1930 1693 1974 THOMAS
1725 1947 1862 1988 nuper
1893 1933 2044 1976 melius
2079 1939 2121 1977 et

170 2021 337 2078 plenius
385 2020 526 2063 tenuit
565 2021 620 2062 ad
659 2020 890 2062 terminum
931 2020 1017 2063 vite
1061 2035 1206 2063 eorum
1246 2037 1319 2064 seu
1357 2022 1485 2064 unius
1524 2037 1672 2064 eorum
1712 2022 1877 2066 diucius
1926 2024 2119 2068 viventis.

171 2112 409 2155 Reddendo
429 2111 529 2153 inde
550 2110 774 2153 annuatim
796 2111 968 2153 domino
990 2110 1135 2154 abbati
1157 2112 1224 2154 vel
1246 2111 1548 2155 successoribus
1568 2113 1654 2155 suis
1679 2114 1765 2156 xxti
1789 2129 1850 2157 vs.
1889 2115 2042 2158 solidos
2077 2120 2119 2159 et

170 2218 273 2246 an.
296 2201 490 2245 denarios
510 2202 566 2243 ad
586 2201 742 2243 festum
763 2200 910 2243 Sancti
931 2201 1190 2244 MICHAELIS
1225 2203 1469 2259 archangeli
1501 2237 1510 2245 .
1542 2203 1604 2246 Et
1636 2203 1810 2246 servicia
1842 2204 1941 2247 inde
1974 2205 2118 2248 debita

169 2297 211 2337 et
232 2295 284 2335 de
304 2293 400 2349 jure
421 2294 630 2334 consueta.
658 2325 666 2334 .
690 2291 751 2334 Et
772 2295 928 2334 sectam
950 2292 1062 2334 curie
1082 2291 1146 2334 bis
1166 2293 1212 2335 in
1238 2307 1350 2335 anno
1373 2326 1382 2335 .
1405 2293 1601 2336 videlicet
1629 2295 1684 2336 ad
1710 2294 1869 2338 festum
1897 2295 2114 2339 PHILIPPI

168 2388 210 2428 01
230 2384 260 2428 J
263 2398 389 2426 ACOBI
411 2386 454 2426 et
474 2384 529 2425 ad
548 2383 706 2426 festum
727 2382 873 2425 Sancti
893 2382 1152 2425 MICHAELIS
1181 2383 1438 2440 archangeli.
1499 2384 1561 2427 Et
1587 2385 1767 2441 quilibet
1793 2401 1939 2429 eorum
1965 2389 2114 2431 reddet

168 2475 401 2518 herrietum
433 2489 530 2516 cum
557 2473 755 2516 acciderit
782 2475 1014 2516 secundum
1045 2475 1394 2517 consuetudinem
1425 2475 1618 2518 manerii.
1680 2476 1742 2518 Et
1768 2477 1947 2519 reddent
1977 2479 2113 2521 omni-

167 2567 314 2609 modas
334 2565 516 2608 decimas
536 2567 676 2620 preter
695 2564 879 2607 decimas
899 2564 1141 2621 garbarum.
1201 2566 1268 2608 Ac
1289 2565 1421 2608 eciam
1440 2566 1620 2622 predicti
1647 2566 1776 2609 abbas
1807 2570 1849 2610 et
1880 2572 2112 2613 conventus

167 2658 457 2701 concesserunt
478 2655 655 2712 prefatis
675 2654 935 2698 WILLELMO
969 2689 978 2698 .
1014 2656 1303 2699 MARGARETE
1337 2662 1378 2700 et
1401 2690 1581 2700 ......
1605 2658 1718 2713 quod
1747 2657 1965 2701 habebunt
1998 2660 2112 2703 viam

165 2749 212 2791 in
232 2745 424 2803 vorlong'
456 2761 509 2802 yr
539 2744 688 2801 heyth'
722 2745 849 2801 juxta
877 2761 1033 2802 aquam
1058 2748 1111 2789 de
1138 2747 1299 2790 MALoc
1335 2781 1342 2790 .
1373 2762 1470 2791 cum
1497 2747 1648 2790 averiis
1678 2748 1764 2790 suis
1792 2749 1846 2791 011
1877 2750 2110 2805 predictam

166 2838 392 2895 parcellam
412 2839 522 2879 terre
542 2840 734 2878 vocatam
756 2835 994 2879 PYSHYLLE
1011 2838 1100 2881 sine
1120 2838 1427 2895 impedimento
1443 2840 1693 2881 duraturam
1709 2840 1892 2883 termino
1907 2841 2109 2896 predicto.

164 2929 225 2972 Et
245 2927 423 2984 quilibet
443 2941 589 2971 eorum
609 2930 704 2983 post
724 2928 940 2971 decessum
960 2929 1063 2971 dicti
1083 2929 1333 2973 WrLLELMI
1362 2931 1436 2972 dat
1467 2929 1640 2972 domino
1671 2944 1748 2986 pro
1782 2930 1976 2987 ingressu
2008 2932 2109 2976 inde
