2362 3392
1933 282 2045 325 1773

942 819 1318 864 MCOLXXXII.

150 924 366 968 GRANT
407 924 494 968 BY
535 924 740 970 DAVID
781 926 915 969 DUE
957 926 1033 970 ΤΟ
1074 927 1313 971 PHELIP
1351 928 1631 973 WEYTHE
1669 928 1747 972 OF
1783 929 1990 972 LANDS
2027 929 2100 973 IN

598 1017 730 1060 THE
781 1017 1082 1062 DEMESNE
1134 1019 1213 1062 OF
1263 1019 1653 1063 TERZARLLE.

864 1126 1092 1181 [MARGAM
1125 1127 1386 1185 CHARTER]

1241 1228 1268 1269 4
1298 1227 1437 1270 JUNE.
1499 1229 1525 1270 2
1558 1227 1682 1271 HEN.
1714 1227 1851 1272 VIII.
1916 1229 2041 1271 1510.

204 1340 350 1383 Sciant
385 1356 425 1397 p.
464 1345 519 1384 et.
554 1341 586 1384 f.
619 1343 733 1398 quod
767 1357 847 1399 ego
875 1342 1031 1385 DAvm
1063 1343 1168 1386 DUE
1199 1359 1253 1399 ap
1281 1344 1438 1386 DAVID
1469 1359 1523 1400 ap
1553 1344 1709 1387 JEUAN
1738 1359 1791 1400 ap
1817 1344 1973 1387 DAvm
2001 1345 2101 1388 dedi

143 1432 325 1475 concessi
346 1435 388 1475 et
407 1433 449 1475 h.
473 1448 513 1489 p.
537 1448 570 1476 6.
593 1449 688 1476 mea
709 1434 956 1477 confirmavi
978 1434 1214 1476 PHELIPPO
1238 1434 1449 1479 WEYTHE
1481 1450 1535 1491 ap
1566 1434 1772 1478 HOWELL
1803 1435 2030 1478 heredibus
2059 1440 2100 1478 et

143 1522 371 1579 assignatis
410 1523 497 1566 suis
540 1524 684 1567 omnia
727 1528 974 1567 tenementa
1016 1528 1150 1568 terras
1199 1541 1295 1568 oum
1339 1526 1535 1569 omnibus
1582 1527 1667 1569 suis
1710 1526 1980 1583 perbinentiis
2020 1542 2102 1582 que

143 1613 279 1676 habeo
309 1614 422 1656 infra
449 1615 690 1658 dominium
718 1617 771 1658 de
802 1615 1072 1659 TERZARLLE
1104 1620 1147 1659 et
1177 1617 1222 1658 in
1254 1617 1451 1672 parochia
1482 1618 1534 1660 de
1563 1617 1873 1660 LLANGONOYD
1904 1632 1979 1673 per
2006 1631 2102 1659 suas

142 1705 340 1760 antiquas
368 1708 502 1748 metas
529 1710 573 1748 et
604 1707 780 1749 bundas.
844 1707 1109 1750 Habendum
1140 1711 1182 1750 et
1213 1709 1447 1750 tenendum
1478 1708 1621 1751 omnia
1641 1708 1831 1764 predicta
1851 1711 2097 1751 tenementa

141 1799 275 1839 terras
296 1812 392 1839 oum
423 1812 458 1839 0.
491 1812 524 1840 s.
558 1813 598 1853 p.
634 1798 801 1853 prefato
833 1798 1068 1840 PHELIPPO
1098 1798 1323 1841 heredibus
1352 1803 1394 1841 et
1424 1799 1651 1856 assignatis
1675 1799 1761 1841 suis
1787 1799 2022 1841 tenendum
2044 1799 2098 1840 de

141 1887 313 1943 capitali
338 1888 511 1931 domino
540 1888 656 1931 feodi
686 1889 803 1931 illius
827 1904 903 1945 per
929 1889 1121 1931 redditus
1149 1892 1191 1931 et
1218 1890 1392 1931 servicia
1419 1889 1534 1945 prius
1563 1889 1664 1932 inde
1695 1888 1839 1932 debita
1870 1892 1913 1931 et
1940 1889 1981 1931 d.
2004 1904 2018 1944 J
2028 1922 2036 1930 .
2060 1903 2093 1931 e.

139 1978 466 2034 imperpetuum.
529 1979 590 2021 Et
631 1994 710 2036 ego
751 1994 848 2022 vero
889 1980 1103 2035 predictus
1134 1980 1289 2022 DAVID
1330 1979 1435 2022 DUE
1466 1983 1508 2022 et
1547 1980 1723 2022 heredes
1764 1979 1848 2021 mei
1878 1979 1924 2020 in
1954 1978 2097 2021 omnia

139 2070 328 2125 predicta
348 2073 594 2113 tenementa
614 2074 748 2113 terras
771 2086 868 2113 eum
888 2070 1086 2113 omnibus
1112 2071 1196 2113 suis
1221 2071 1489 2126 perhineutiis
1519 2070 1686 2126 prefato
1717 2069 1954 2112 PHEmppo
1986 2069 2028 2111 h.
2053 2072 2095 2111 et

142 2162 266 2218 assig.
291 2162 377 2204 suis
398 2165 544 2205 eontra
565 2178 710 2205 omnes
727 2165 876 2219 gentes
897 2162 1266 2205 warantizabimus
1286 2166 1329 2205 et
1349 2163 1663 2219 imperpetuum
1685 2162 1976 2205 defendemus.
2039 2161 2096 2204 In

138 2252 261 2308 eujus
280 2253 341 2295 rei
361 2253 655 2296 testimonium
676 2254 775 2296 huie
796 2254 981 2310 presenfi
1002 2257 1114 2295 carte
1135 2253 1326 2309 sigillum
1342 2268 1487 2296 meum
1508 2253 1697 2309 apposui.
1760 2252 1863 2295 Hiis
1878 2252 2057 2295 testibus
2082 2285 2090 2294 .

137 2341 253 2385 LL'N
275 2358 328 2399 ap
352 2343 583 2387 WILLYAM
606 2344 791 2387 GETHIN
815 2379 823 2386 .
847 2344 877 2387 J
881 2359 1003 2386 EUAN
1026 2359 1080 2400 ap
1102 2343 1339 2386 PHELIPPE
1361 2359 1414 2399 ap
1443 2343 1472 2387 J
1475 2358 1598 2386 EUAN
1620 2359 1674 2399 ap
1695 2343 1933 2386 ΡΗΕΜΡΡΕ
1956 2342 2056 2385 1)Υο
2079 2377 2087 2385 .

141 2433 258 2476 LL’N
280 2434 436 2476 DAVID
457 2450 511 2491 ap
531 2434 561 2478 J
565 2449 772 2477 ORORTHE
796 2439 839 2477 et
858 2435 1007 2478 multis
1027 2435 1133 2477 aliis.

194 2524 360 2567 Datum
390 2526 505 2580 apud
536 2524 664 2568 TEYR
695 2540 866 2568 ZARLLE
897 2527 1131 2581 predictam
1171 2529 1321 2581 quarto
1364 2526 1432 2568 die
1471 2525 1628 2568 mensis
1657 2525 1687 2568 J
1690 2526 1781 2567 unii
1811 2539 1924 2567 anno
1963 2524 2087 2580 regni

139 2613 273 2671 Regis
295 2615 503 2658 HENRICI
527 2616 665 2658 octavi
685 2619 780 2672 post
801 2619 1078 2672 conquestum
1100 2617 1294 2659 seeundo.

196 2705 332 2748 Small
353 2706 494 2762 signeb
515 2707 612 2758 seal,
634 2708 710 2749 red
731 2721 840 2757 wax,
864 2707 1100 2749 indistinot.

192 2795 297 2824 David
312 2796 382 2825 Due
397 2805 432 2825 or
448 2796 521 2835 Duy
536 2796 600 2825 and
616 2795 733 2833 [sabeL.
749 2797 798 2825 his
814 2797 898 2832 wife,
914 2797 946 2826 in
963 2798 1037 2826 1543
1053 2797 1127 2826 held
1142 2797 1218 2826 land
1234 2797 1267 2826 in
1283 2796 1442 2826 Llantwit
1458 2796 1555 2834 juxta
1571 2796 1688 2825 Neath.
