2362 3392
1912 267 2020 309 1971

125 474 212 516 sive
232 473 495 516 restriccione
515 473 616 516 inde
643 473 950 516 incontrarium
971 473 1084 517 facto
1105 473 1218 517 edito
1239 488 1313 516 seu
1338 473 1505 530 proviso
1525 477 1600 516 aut
1621 473 1764 530 aliqua
1784 473 1868 517 alia
1883 488 1928 516 re
1950 487 2075 516 causa

129 564 196 608 vel
216 565 395 607 materia
415 579 681 620 quacumque
701 564 747 606 in
769 564 912 620 aliquo
933 579 1020 607 non
1041 564 1249 608 obstante.

184 654 240 697 In
262 655 385 712 cujus
404 655 465 698 rei
485 655 777 698 testimonium
797 654 874 697 has
902 655 1066 697 litteras
1086 658 1251 698 nostras
1278 655 1369 698 fieri
1397 655 1575 698 fecimus
1595 658 1801 711 patentes.
1863 654 1989 697 Teste
2009 668 2078 696 me

125 746 215 801 ipso
252 746 367 801 apud
400 745 631 788 HAMPTON
669 745 850 788 Oomm:
889 746 1086 788 vicesimo
1120 750 1265 789 octavo
1306 746 1374 788 die
1407 746 1598 802 Augusti
1637 761 1750 788 anno
1785 745 1908 802 regni
1944 744 2078 788 nostri

128 836 339 879 tricesimo
361 839 520 879 octavo.

913 893 997 936 Per
1017 894 1158 950 ipsum
1178 894 1344 951 Regem
1365 894 1522 937 virtute
1544 893 1847 937 commissionis
1868 892 2018 949 Regie.

692 984 953 1027 Irrotulatur
975 999 1114 1027 coram
1135 984 1277 1026 EDWA
1285 999 1370 1027 Rno
1393 984 1646 1028 GosTWYKE
1667 985 1873 1027 auditore.

186 1074 322 1117 Third
360 1078 463 1132 type
508 1075 553 1118 of
595 1078 716 1132 great
762 1075 848 1117 seal
881 1075 926 1118 of
955 1075 1113 1131 Henry
1146 1091 1261 1128 VIII„
1283 1090 1413 1132 green
1434 1091 1542 1128 wax,
1563 1076 1799 1128 indistinct,
1831 1090 1962 1132 green
1992 1075 2078 1117 and

130 1166 258 1209 white
281 1167 362 1209 silk
384 1167 562 1209 strands.

944 1331 1272 1376 MOOOXGVI.

132 1439 304 1482 BOND
327 1439 413 1482 BY
434 1438 806 1483 LODOWIOUS
834 1438 994 1492 RICE,
1017 1439 1212 1483 VIGAR
1234 1440 1312 1483 OF
1334 1439 1415 1483 ST.
1439 1439 2081 1493 MARY-ON-THE-HILL‚

276 1530 411 1573 AND
449 1529 711 1582 OTHERS,
753 1529 829 1572 TO
872 1529 1042 1573 JOHN
1083 1530 1210 1584 SEE,
1252 1530 1329 1574 ΤΟ
1371 1531 1671 1575 PERFORM
1712 1531 2084 1576 COVENANTS

278 1620 687 1664 CONOERNING
727 1620 857 1663 THE
900 1620 1224 1665 VICARAGE
1266 1622 1344 1665 OF
1384 1622 1466 1665 ST.
1512 1622 1710 1665 MARY.

851 1728 1082 1785 [MARGAM
1124 1730 1382 1787 CHARTER.]

1230 1823 1255 1863 3
1288 1821 1389 1864 Ocr.
1452 1824 1507 1864 38
1539 1823 1665 1865 HEN.
1698 1822 1833 1866 VIII.
1899 1823 2024 1865 1546.

193 1928 405 1971 Noverint
431 1927 618 1971 universi
641 1942 716 1983 per
744 1931 959 1984 presentes
984 1943 1061 1971 nos
1087 1928 1369 1971 LODOWICUM
1390 1930 1505 1972 RICE
1531 1931 1737 1973 vicarium
1756 1934 2011 1987 perpetuum
2032 1931 2085 1973 de

134 2020 274 2062 SEINT
303 2019 464 2062 MAmE
496 2018 649 2062 SUPRA
678 2018 882 2062 MONTEM
904 2020 950 2062 in
979 2020 1185 2063 comitatu
1207 2019 1567 2063 GLAMORGANCIE
1589 2022 1787 2065 clericum
1820 2056 1827 2065 .
1861 2022 1890 2066 J
1893 2036 2084 2064 EVANUM

135 2110 247 2153 SAYs
263 2114 306 2152 et
323 2109 578 2152 ROBERTUM
595 2109 709 2151 RICE
725 2109 826 2152 ville
842 2110 894 2152 de
912 2109 1189 2153 COWBRIDGE
1211 2111 1257 2154 in
1279 2112 1483 2154 comitatu
1497 2113 1686 2168 predicto
1702 2112 1935 2169 burgenses
1950 2113 2085 2156 teneri

135 2206 176 2245 et
207 2201 385 2244 firmiter
407 2199 588 2256 obligari
615 2199 644 2243 J
647 2214 824 2241 OHANNI
857 2199 946 2243 SEE
968 2201 1021 2243 de
1044 2200 1273 2244 COMSBURI
1295 2202 1341 2244 in
1364 2203 1569 2246 comitatu
1590 2203 1838 2247 SOMERSET’
1860 2218 2013 2259 yeman
2039 2204 2084 2246 in

132 2292 269 2335 decim
317 2291 437 2334 libris
477 2290 780 2347 sterlingorum
820 2289 931 2334 bone
971 2295 1013 2334 et
1055 2293 1205 2349 legalis
1256 2297 1425 2337 monete
1466 2294 1652 2336 ANGLIE
1691 2294 1903 2337 solvendis
1945 2295 2085 2338 eidem

129 2383 161 2427 J
164 2397 341 2425 OHANNI
374 2381 668 2425 executoribus
694 2382 764 2423 vel
792 2382 1020 2437 assignatis
1052 2383 1138 2425 suis
1173 2384 1228 2426 ad.
1262 2398 1391 2440 quam
1424 2385 1596 2440 quidem
1624 2386 1881 2428 solucionem
1908 2384 2015 2428 bene
2041 2389 2084 2428 et

132 2474 331 2517 ffideliter
360 2473 601 2515 faciendam
631 2471 872 2528 obligamus
896 2487 973 2515 nos
1003 2476 1045 2515 et
1076 2473 1310 2529 quemlibet
1340 2477 1533 2518 nostrum
1562 2490 1638 2532 per
1667 2490 1710 2518 se
1740 2490 1816 2532 pro
1841 2478 1932 2519 toto
1962 2478 2005 2519 et
2035 2476 2082 2519 in

137 2566 320 2609 solidum
344 2564 519 2607 heredes
538 2567 581 2606 et
601 2565 844 2606 executores
865 2567 1030 2607 nostros
1051 2580 1125 2620 per
1146 2569 1359 2621 presentes
1381 2567 1534 2623 sigillis
1555 2568 1709 2610 nostris
1730 2568 1949 2624 sigillatas.

195 2656 361 2699 Datum
389 2654 518 2697 tercio
549 2654 618 2696 die
646 2653 840 2697 Octobris
869 2669 980 2697 anno
1009 2656 1133 2712 regni
1168 2655 1374 2699 HEchI
1402 2658 1540 2700 octavi
1569 2657 1653 2700 Dei
1676 2659 1819 2715 gracia
1849 2661 1925 2702 etc.
1950 2659 2084 2716 Regis

134 2746 250 2790 ffidei
283 2745 516 2789 defensoris
547 2748 590 2788 et
617 2744 663 2787 in
687 2747 801 2788 terra
837 2746 1007 2788 ecclesie
1039 2746 1310 2790 ANGLICANE
1343 2750 1386 2790 et
1418 2747 1684 2791 HIBERNICE
1717 2749 1902 2805 supremi
1935 2750 2084 2806 capitis

140 2837 351 2881 tricesimo
373 2839 531 2879 octavo.

199 2927 291 2970 The
326 2925 546 2969 condic'on
578 2926 639 2967 off
669 2925 756 2968 this
791 2925 1030 2983 obligac'on
1060 2942 1111 2983 ys
1144 2928 1270 2971 suche
1305 2928 1400 2971 that
1429 2929 1480 2971 iff
1511 2929 1584 2972 the
1614 2929 1746 2972 above
1781 2929 1990 2973 bownden
2020 2945 2086 2973 ser

141 3018 324 3062 LLEWIS
345 3018 459 3060 Paci:
480 3017 535 3059 do
554 3021 661 3073 kepe
682 3015 854 3060 observe
875 3018 961 3060 and.
982 3017 1224 3074 perfourme
1244 3034 1290 3062 or
1311 3034 1442 3062 cawse
1469 3024 1514 3063 to
1541 3019 1595 3064 be
1624 3021 1751 3077 kepte
1775 3020 1969 3065 observid
1999 3022 2086 3065 and.
