2362 3392
1949 185 2060 226 1737

1019 497 1274 540 MGCLIII.

172 603 331 647 COPY
372 604 450 646 OF
489 603 781 646 EXTRAOT
828 605 1002 648 FROM
1049 605 1180 647 THE
1231 604 1437 648 OOURT
1487 604 1652 648 ROLL
1702 605 1780 648 OF
1830 606 2116 650 HAVODE-

318 694 543 746 PORTH,
587 694 915 738 WHEREBY
959 695 1069 738 DIO
1117 695 1200 738 ΑΡ
1249 695 1458 740 JEVAN
1507 696 1640 740 AND
1692 696 1938 740 OTHERS
1988 697 2117 740 ΑΒΕ

316 785 648 828 ADMITTED
690 785 980 828 TENANTS
1021 786 1097 828 ΤΟ
1138 786 1182 829 Α
1222 786 1483 830 TENURE
1530 787 1609 830 OF
1650 787 1746 830 GR.
1788 787 1870 830 ΑΡ
1910 787 1939 830 J
1942 787 2119 831 EVAN

318 877 400 919 ΑΡ
448 876 710 920 GWILIM.

889 984 1119 1041 [MARGAM
1152 984 1404 1039 CHARTER.]

1358 1076 1384 1117 8
1407 1075 1507 1117 OCT.
1569 1077 1595 1118 3
1617 1075 1742 1119 HEN.
1765 1076 1874 1120 VII.
1938 1078 2062 1119 1487.

232 1182 594 1224 HAVODEPORTH.
671 1181 801 1224 Curia
839 1185 959 1225 tenta
1000 1184 1115 1238 apud
1153 1182 1356 1225 MORGAN
1398 1184 1518 1225 III-1¹⁵⁰·
1559 1183 1628 1225 die
1668 1183 1824 1225 mensis
1864 1183 2123 1239 Septembris

176 1289 288 1316 auno
322 1274 446 1330 regni
482 1274 616 1330 Regis
652 1273 859 1315 HENRICI
896 1274 1065 1329 septimi
1104 1277 1199 1330 post
1239 1277 1516 1329 conquestum
1555 1274 1683 1316 tercio
1724 1289 1864 1317 coram
1903 1274 2123 1317 JOHANNE

177 1364 466 1407 STRADLINGE
497 1366 550 1407 de
582 1364 974 1407 MERTHILMAWRE
1006 1365 1215 1421 armigero
1246 1365 1471 1407 senescallo
1500 1368 1657 1407 extunc
1685 1365 1845 1408 ibidem
1866 1381 1914 1407 ac
1934 1369 2124 1422 tempore

175 1455 204 1498 J
206 1470 405 1498 OHANNIS
427 1455 645 1498 HopmN’
667 1458 770 1498 tunc
793 1455 958 1498 abbatis
978 1455 1081 1497 dicti
1103 1456 1360 1498 monasterii.

233 1546 307 1588 Ad
336 1547 462 1588 istam
497 1549 705 1588 venerunt
740 1547 831 1588 D10
866 1561 919 1601 ap
955 1546 985 1589 J
988 1560 1109 1588 EVAN
1143 1579 1370 1589 ......
1404 1562 1511 1589 uxor
1546 1546 1640 1603 ejus
1676 1551 1717 1589 et
1750 1581 1978 1590 ......
2012 1548 2126 1590 filius

176 1637 419 1679 eorundem.
481 1636 542 1678 Et
577 1638 777 1692 ceperunt
813 1637 866 1678 de
903 1636 1075 1679 domino
1107 1651 1237 1679 unam
1270 1640 1465 1679 tenuram
1497 1652 1633 1692 nuper
1662 1638 1708 1679 in
1739 1637 1936 1680 manibus
1963 1638 2047 1681 GR’
2070 1654 2125 1695 ap

178 1727 208 1770 J
211 1742 331 1770 EVAN
369 1742 422 1783 ap
460 1727 647 1769 GWILIM
682 1732 808 1783 prout
840 1726 991 1769 habuit
1023 1730 1066 1769 et
1098 1729 1239 1769 tenuit
1268 1743 1344 1783 per
1374 1743 1471 1771 suas
1500 1728 1699 1784 antiquas
1728 1732 1864 1771 metas
1888 1732 1930 1771 et
1943 1729 2122 1772 bundas.

179 1818 431 1861 Tenendum
451 1818 609 1861 eisdem
639 1818 866 1861 successive
898 1819 952 1860 ad
976 1818 1208 1861 terminum
1233 1819 1318 1861 vite
1348 1821 1579 1862 eorundem
1608 1823 1651 1862 et
1680 1821 1758 1863 uni
1787 1836 1933 1864 eorum
1963 1821 2128 1864 diucius

177 1910 339 1952 viventi
364 1910 596 1952 secundum
625 1909 975 1952 consuetudinem
1004 1909 1184 1952 manerii
1216 1909 1375 1952 ibidem
1406 1925 1480 1966 per
1511 1911 1703 1954 redditus
1738 1914 1781 1954 et
1818 1913 1992 1955 servicia
2026 1913 2127 1955 inde

177 2000 294 2056 prius
335 1999 478 2042 debita
513 2002 556 2042 et
589 2000 642 2042 de
677 1999 773 2055 jure
810 2002 1019 2042 consueta.
1083 2000 1143 2042 Et
1179 2000 1336 2043 debent
1371 2004 1526 2043 sectam
1561 2002 1674 2044 curie
1713 2009 1756 2045 et
1790 2002 2001 2046 herietum
2036 2018 2126 2046 suc-

181 2091 334 2133 cessive
365 2105 461 2133 cum
499 2090 707 2133 acciderit.
770 2090 831 2132 Et
858 2091 1037 2146 predicti
1059 2124 1239 2133 ......
1263 2093 1305 2133 et
1326 2092 1540 2146 predictus
1562 2125 1740 2135 ......
1764 2093 1877 2136 filius
1897 2096 2129 2138 eorundem

180 2181 344 2224 dabunt
384 2181 556 2223 domino
596 2180 741 2224 abbati
781 2182 855 2237 qui
894 2196 970 2237 pro
1005 2183 1193 2237 tempore
1227 2181 1358 2223 fuerit
1393 2185 1593 2237 optentus
1627 2186 1670 2225 et
1705 2184 2006 2228 successoribus
2041 2186 2127 2228 suis

177 2288 253 2329 pro
277 2273 471 2329 ingressu
497 2272 677 2328 quilibet
705 2287 851 2315 eorum
877 2275 972 2327 post
1003 2272 1177 2315 alterius
1206 2274 1420 2316 decessum
1450 2288 1534 2316 ΧΠ.
1558 2275 1762 2317 denarios.
1825 2275 1885 2318 Et
1914 2277 2128 2332 predictus

181 2365 272 2407 D10
293 2379 346 2419 ap
367 2363 397 2407 J
399 2377 521 2405 EVAN
542 2364 618 2405 dat
637 2364 808 2406 domino
829 2378 905 2419 pro
932 2363 1069 2419 primo
1096 2364 1290 2420 ingressu
1320 2364 1420 2406 inde
1450 2363 1647 2407 habendo
1678 2372 1757 2407 IJOS·
1786 2381 1965 2422 capones
1994 2368 2125 2424 precii

183 2469 275 2496 111J.
299 2455 395 2497 den.
418 2456 460 2496 et
490 2452 618 2496 habet
648 2454 748 2496 inde
779 2453 976 2496 seisinam
1006 2456 1049 2496 et
1085 2454 1187 2496 fecit
1222 2454 1395 2497 domino
1430 2455 1692 2498 fidelitatem.
1754 2455 1811 2498 In
1847 2457 1970 2513 cujus
2009 2459 2126 2515 copie

181 2545 479 2588 testimonium
498 2545 689 2601 sigillum
709 2545 812 2587 dicti
833 2545 1049 2587 senescalli
1068 2544 1333 2601 presentibus
1353 2548 1416 2587 est
1435 2560 1680 2601 appensum.

239 2636 342 2680 Dat’
371 2638 518 2679 octavo
548 2635 617 2678 die
649 2635 842 2678 Octobris
871 2651 984 2679 anno
1016 2635 1140 2692 regni
1164 2635 1299 2692 Regis
1318 2636 1524 2679 Humum
1545 2637 1715 2693 septimi
1734 2641 1829 2694 post
1849 2643 2127 2696 conquestum

182 2726 323 2770 tercio.

242 2817 441 2875 Illegible
460 2817 679 2874 fragment
699 2817 744 2860 of
764 2818 861 2861 seal.

388 3074 444 3110 9s
