2362 3392
1984 237 2093 278 1671

197 446 431 490 LUDOVIco
466 447 565 489 inde
604 447 764 490 factam
799 481 808 489 .
851 447 1014 489 Ratum
1064 449 1106 489 et
1152 448 1325 503 gratum
1373 444 1578 487 habentes
1614 446 1656 486 et
1686 443 1906 486 habituros
1936 447 2075 486 totum
2105 448 2148 487 et

198 538 408 594 quidquid
436 537 642 593 praefatus
670 537 700 580 J
703 552 913 580 OHANNEs
943 552 996 593 ap
1027 537 1057 580 J
1060 551 1181 580 EUAN
1213 552 1266 592 ap
1298 536 1488 579 THOMAS
1518 538 1560 578 et
1600 533 1886 578 WILLELMUS
1920 534 2146 577 RAGLAND

196 629 368 672 nomine
399 631 544 671 nostro
577 628 757 671 fecerint
793 644 866 671 seu
898 629 1006 670 alter
1033 643 1179 671 eorum
1202 627 1352 670 feeerit
1375 627 1422 668 in
1442 625 1670 683 praemissis
1693 659 1701 667 .
1724 625 1781 667 In
1802 625 1925 681 cujus
1945 626 2007 668 rei
2026 626 2143 668 testi-

197 720 390 763 monium
409 720 508 762 huie
528 720 728 775 praesenti
748 720 902 776 scripto
923 719 1065 776 sigilla
1085 722 1230 762 nostra
1250 717 1538 774 apposuimus.

227 811 394 853 Datum
429 811 544 867 apud
578 810 868 853 LEsWRoNNY
901 811 1079 866 septimo
1110 810 1179 852 die
1208 808 1464 852 Novembris
1485 823 1598 851 anno
1618 808 1742 864 regni
1764 807 1898 864 Regis
1919 807 2145 850 EDWARDI

201 903 342 958 quarti
363 902 526 957 quinto.

259 992 554 1036 Endorsed—‘
573 992 759 1035 Roberte
780 991 934 1036 Velle.'

258 1082 354 1112 From
368 1092 387 1112 a.
402 1083 613 1113 seventeenth
628 1086 763 1121 century
780 1092 871 1120 copy,
888 1083 1045 1112 incorreet
1062 1083 1093 1111 in
1109 1082 1227 1120 places.

1092 1387 1374 1432 MOOXVH.

202 1497 579 1544 QUIT-OLAIM
632 1496 719 1539 BY
759 1496 1054 1540 MEYRIGK
1093 1495 1416 1540 VAUGHAN
1466 1495 1544 1539 OF
1594 1495 1960 1539 MESSUAGES
2014 1496 2149 1539 AND

441 1587 650 1631 LANDs
692 1587 764 1631 IN
803 1587 1185 1631 LISWORNEY
1225 1587 1301 1630 TO
1342 1586 1544 1630 LEWIs
1586 1586 1905 1630 RAGLAND.

978 1695 1049 1753 [T.
1088 1694 1382 1752 FRANKLYN]

1402 1788 1429 1828 4
1450 1786 1559 1828 FER.
1623 1787 1647 1828 5
1668 1785 1796 1828 Emv.
1820 1785 1902 1829 IV.
1966 1788 2091 1829 1466.

260 1895 472 1939 Noverint
502 1895 688 1938 universi
718 1910 793 1951 per
817 1899 1045 1951 praesentes
1077 1910 1144 1937 me
1181 1895 1400 1937 MYURICK
1435 1894 1670 1937 VAUGHAN
1705 1894 1911 1936 remisisse
1939 1895 2150 1937 relaxasse

202 2002 250 2029 ao
280 1987 453 2029 omnino
486 2002 561 2043 pro
596 2001 664 2029 me
705 1990 747 2029 et
778 1986 1018 2028 haeredibus
1057 1986 1161 2028 meis
1193 1987 1386 2041 quietum
1419 1986 1618 2028 clamasse
1650 1985 1884 2028 Ltmovmo
1920 1985 2148 2028 RAGLAND

200 2078 440 2120 haeredibus
470 2081 512 2120 et
543 2078 769 2133 assignatis
790 2078 875 2119 suis
895 2080 1034 2119 totum
1054 2077 1125 2133 jus
1144 2092 1288 2119 meum
1308 2077 1485 2118 titulum
1505 2077 1713 2119 elameum
1733 2077 1990 2119 demandam
2011 2081 2053 2119 et
2083 2078 2148 2119 in-

201 2171 354 2211 teresse
371 2183 465 2224 quae
479 2168 613 2211 habeo
634 2168 680 2210 in
695 2168 858 2210 duobus
870 2168 1118 2224 messuagiis
1134 2168 1351 2223 octaginta
1364 2172 1406 2209 et
1422 2182 1508 2209 una
1523 2168 1629 2209 aeris
1642 2170 1765 2209 terrae
1781 2168 1894 2223 prati
1910 2171 1952 2209 et
1965 2172 2149 2223 pasturae

205 2274 301 2300 eum
340 2259 610 2314 pertinentiis
650 2259 696 2300 in
736 2258 1023 2300 LESWORNNY
1065 2273 1159 2313 quae
1199 2258 1404 2314 praefatus
1444 2257 1703 2301 Lunovicus
1743 2273 1880 2314 nuper
1914 2259 2065 2301 habuit
2097 2275 2149 2301 ex

203 2351 314 2392 dono
336 2352 377 2391 et
399 2349 676 2391 feoffamento
699 2349 904 2391 Rossmm
925 2349 1055 2392 VELE
1076 2350 1276 2405 armigeri
1297 2349 1375 2391 fflii
1395 2352 1438 2392 et
1461 2349 1650 2391 haeredes
1679 2349 1912 2392 JOHANNIS
1946 2349 2075 2392 VELE
2107 2355 2150 2392 et

200 2440 377 2483 Amcm:
417 2438 546 2482 VELE
587 2454 722 2495 nuper
761 2439 904 2481 uxoris
940 2439 1134 2495 ejusdam
1169 2439 1412 2482 JOHANNIS.
1475 2440 1546 2482 Ita
1582 2441 1696 2495 quod
1727 2455 1804 2482 nee
1834 2455 1912 2496 ego
1945 2440 2149 2495 praefatus

201 2530 423 2573 MYURICK
444 2545 520 2572 nec
540 2530 729 2572 haeredes
748 2529 833 2572 mei
862 2545 939 2572 nee
970 2530 1123 2585 aliquis
1157 2531 1266 2572 aiius
1293 2532 1464 2573 nomine
1499 2535 1642 2574 nostro
1677 2532 1840 2587 aliquid
1871 2531 1942 2587 jus
1972 2531 2149 2574 titulum

202 2623 410 2664 elameum
431 2621 689 2664 demandam
710 2625 752 2662 et
772 2621 972 2663 interesse
993 2621 1039 2663 in
1060 2622 1273 2677 praedietis
1294 2623 1543 2678 messuagiis
1574 2622 1697 2664 terris
1728 2623 1862 2678 pratis
1895 2625 1937 2664 et
1964 2623 2148 2678 pasturis

204 2728 301 2755 eum
320 2712 591 2768 pertinentiis
611 2712 754 2754 necin
775 2712 914 2766 aliqua
953 2713 1136 2767 parcella
1168 2713 1399 2755 eorundem
1434 2714 1624 2755 deeetero
1658 2713 1825 2764 exigere
1858 2713 2040 2755 clamare
2076 2729 2150 2756 seu

205 2805 425 2846 vendicare
447 2803 680 2859 poterimus
701 2803 747 2845 in
767 2803 963 2845 futurum
983 2804 1056 2845 sed
1077 2803 1130 2846 ab
1151 2804 1268 2846 omni
1289 2804 1452 2847 actione
1472 2804 1580 2860 juris
1599 2804 1727 2847 titulo
1753 2804 1911 2846 clameo
1942 2805 2153 2847 demanda

203 2910 277 2938 seu
296 2894 497 2936 interesse
513 2894 613 2936 inde
635 2893 766 2935 simus
787 2893 946 2935 exclusi
966 2893 1012 2935 in
1033 2896 1287 2949 perpetuum
1302 2910 1377 2950 per
1398 2898 1637 2950 praesentes.
1699 2894 1754 2936 In
1788 2895 1910 2950 eujus
1937 2896 1998 2937 rei
2033 2896 2149 2938 testi-

204 2985 396 3027 monium
416 2984 515 3027 huie
535 2983 735 3040 praesenti
755 2983 909 3039 scripto
930 2983 1121 3040 sigillum
1140 2999 1283 3027 meum
1311 2985 1498 3041 apposui.
1561 2985 1664 3028 Hiis
1687 2985 1862 3028 testibus
1898 3020 1905 3028 .
1933 2986 1963 3028 J
1966 3000 2152 3028 OHANNE
