2362 3392
1937 212 2044 253 1701

151 423 331 465 ΒΟΝΑΤΙ
354 422 593 465 manerium
614 422 666 464 de
687 421 880 463 LANFAY
902 436 998 463 cum
1019 421 1216 463 omnibus
1236 420 1323 462 suis
1343 419 1617 475 pertinenciis
1638 434 1802 462 necnon
1834 435 1980 462 omnes
2012 420 2108 462 illas

152 518 286 557 terras
307 517 349 556 et
369 515 614 555 tenementa
645 515 768 568 prata
799 527 954 568 pascua
982 515 1024 554 et
1057 514 1250 567 pasturas
1277 526 1374 553 cum
1407 509 1604 553 omnibus
1637 510 1724 552 suis
1755 510 2028 566 pertinenciis
2060 511 2107 552 in

154 605 342 647 dominio
364 605 416 646 de
447 602 670 646 OGEMORE
703 618 749 644 ac
778 602 910 644 eciam
938 618 1084 645 omnes
1115 603 1211 644 illas
1237 606 1371 644 terras
1399 606 1440 644 et
1469 604 1715 643 tenementa
1742 604 1864 658 prata
1884 617 2039 658 pascua
2064 605 2107 644 et

152 701 346 753 pasturas
366 710 463 738 cum
484 694 681 737 omnibus
702 694 788 737 suis
808 694 1080 750 pertinenciis
1101 695 1146 736 in
1180 694 1416 736 BLONSTON
1453 696 1495 735 et
1530 692 1747 736 common
1780 708 1878 735 cum
1910 692 2109 736 omnibus

154 787 239 829 suis
259 786 543 843 pertinenciis.
607 785 872 827 Habendum
893 789 934 827 et
955 786 1189 827 tenendum
1210 785 1369 827 eisdem
1391 784 1547 827 DAUm
1568 786 1611 826 et
1639 783 1831 826 Hnoom
1865 787 1907 826 et
1942 783 2109 826 heredi-

151 878 232 921 bus
272 878 358 920 suis
398 877 714 932 imperpetuum
755 877 808 918 de
848 876 1100 931 capitalibus
1140 876 1324 918 dominis
1365 876 1482 918 feodi
1521 875 1638 917 illius
1678 890 1754 931 per
1795 875 1970 917 servicia
2008 875 2109 917 inde

153 969 299 1012 debita
320 975 361 1011 et
382 969 435 1011 de
455 969 551 1024 jure
573 971 783 1011 consueta.
847 967 902 1009 In
924 967 1047 1023 cujus
1076 968 1136 1010 rei
1165 967 1458 1010 testimonium
1483 967 1584 1009 huic
1608 967 1795 1022 presenti
1824 969 1937 1009 carte
1969 973 2112 1009 nostre

152 1061 296 1117 sigilla
317 1064 460 1102 nostra
495 1060 779 1116 apposuimus.
842 1058 945 1101 Hiis
971 1058 1149 1101 testibus
1173 1093 1180 1101 .
1205 1058 1373 1100 THOMA
1402 1058 1667 1100 FLEMMYNG
1691 1091 1699 1099 .
1723 1057 1753 1100 J
1755 1071 1914 1099 ANKYN
1949 1056 2076 1099 GYLE
2099 1091 2108 1099 .

144 1151 442 1196 ‘ALEXANDRO
476 1151 734 1194 SEINTJOHN
755 1184 762 1192 .
779 1150 808 1193 J
812 1165 969 1192 ANKYN
989 1166 1041 1206 ap
1060 1150 1273 1192 RICHARD
1293 1184 1301 1192 .
1320 1149 1566 1192 Lnnowico
1582 1149 1611 1193 J
1614 1149 1723 1191 OHN'
1745 1183 1752 1192 .
1772 1154 1815 1191 et
1830 1149 1980 1191 multis
2002 1149 2109 1190 aliis.

216 1243 319 1286 Dat’
357 1243 471 1299 apud.
514 1242 754 1285 manerium
796 1242 848 1283 de
889 1240 1082 1283 LANFAY
1132 1241 1414 1297 prescriptum
1454 1241 1500 1282 in
1541 1240 1650 1283 festo
1691 1239 1838 1282 Sancti
1883 1239 2110 1281 EDWARDI

156 1335 290 1391 Regis
313 1340 354 1376 et
377 1333 635 1376 Confessoris
656 1348 769 1375 anno
790 1332 913 1389 regni
934 1332 1070 1389 Regis
1091 1332 1317 1374 EDWARDI
1341 1332 1482 1388 quarti
1502 1335 1598 1386 post
1619 1336 1896 1387 conquestum
1928 1333 2112 1373 ANGLOE

153 1426 283 1469 tercio
305 1426 479 1468 decimo.
1883 1423 2084 1465 SYMOND.

215 1517 337 1559 Deed.
359 1517 462 1573 poll.
524 1516 635 1568 Seal,
656 1516 730 1558 red
751 1531 858 1557 wax.
921 1515 1094 1566 Device,
1117 1531 1142 1557 a
1163 1515 1407 1570 cinquefoil.

217 1608 513 1650 Endorsed—‘
531 1607 660 1650 Carta
691 1607 865 1649 Ricardi
898 1606 1161 1662 Flemmyng
1183 1607 1234 1647 de
1265 1606 1455 1648 manerio
1478 1606 1530 1648 de
1561 1604 1796 1661 LLanffey
1817 1605 1863 1648 in
1896 1604 2112 1662 Ogmore.'

956 1821 1315 1866 MOOXXVIII.

158 1932 374 1976 GRANT
405 1932 483 1975 OF
514 1930 947 1974 ENFEOFMENT
980 1930 1066 1972 BY
1107 1929 1310 1973 DAVID
1356 1928 1732 1982 LLEWELYN,
1780 1929 1991 1972 OANON
2038 1929 2116 1972 OF

303 2023 661 2075 LLANDAFF,
709 2022 844 2065 AND
888 2021 1081 2064 HUGH
1127 2020 1325 2073 ADAM,
1370 2020 1565 2063 VIOAR
1613 2020 1691 2063 OF
1735 2020 1817 2063 ST.
1862 2020 2112 2064 DONATS

302 2114 378 2158 TO
430 2113 659 2156 HENRY
710 2112 1115 2156 STRADELING
1165 2111 1300 2154 AND
1347 2110 1716 2154 ELIZABETH
1768 2111 1875 2154 HIS
1928 2112 2110 2165 WIFE,

303 2206 381 2247 OF
430 2205 561 2247 THE
622 2203 848 2247 MANOR
909 2203 987 2246 OF
1048 2201 1321 2254 LANFEY,
1383 2202 1518 2245 AND
1579 2201 1788 2245 LANDs
1849 2202 1921 2244 IN
1981 2203 2111 2245 THE

302 2296 602 2340 DEMENSE
636 2296 714 2338 OF
746 2295 1018 2359 OGMORE,
1051 2295 1154 2337 Ere.

1018 2401 1089 2457 [Gr.
1115 2401 1165 2444 G.
1191 2401 1267 2458 F.]

821 2494 889 2536 ST.
923 2493 1096 2536 Lmffl’s
1127 2493 1242 2534 Dm.
1309 2494 1363 2535 18
1386 2492 1487 2536 Oc'r.
1552 2493 1605 2535 13
1626 2492 1754 2535 Enw,
1777 2493 1858 2537 IV.
1928 2495 2048 2536 1473.

213 2605 358 2649 Sciant
388 2606 602 2660 presentes
635 2606 678 2644 et
709 2602 846 2644 futuri
877 2602 990 2657 quod
1021 2616 1097 2644 nos
1138 2601 1293 2643 DAVID
1334 2599 1649 2658 LL[EWELY]N
1681 2602 1905 2643 canonicus
1935 2603 2106 2645 ecclesie

156 2695 408 2738 cathedralis
448 2694 768 2737 LANDAvnNffis
816 2695 858 2735 et
899 2692 1038 2734 HUGO
1078 2692 1218 2735 ADAM
1253 2692 1435 2734 vicarius
1462 2691 1632 2735 ecclesie
1656 2692 1907 2747 parochialis
1940 2692 2104 2736 SANCTI

154 2787 335 2830 DONATI
366 2785 621 2828 tradidimus
652 2783 891 2826 dimisimus
922 2782 1193 2826 feoffavimus
1218 2785 1260 2825 et
1294 2782 1373 2825 hac
1406 2782 1594 2838 presenti
1624 2785 1740 2824 carta
1775 2786 1920 2825 nostra
1953 2762 2101 2826 confir-

156 2876 367 2919 mavimus
388 2875 603 2917 HEcho
625 2873 925 2916 STRADELYNG
957 2873 1167 2929 armigero
1193 2877 1235 2915 et
1268 2873 1562 2914 EmzABETHE
1600 2873 1724 2915 uxori
1757 2888 1829 2915 sue
1866 2876 2104 2916 manerium

157 2967 209 3009 de
230 2965 421 3008 LANFAY
442 2980 538 3007 cum
559 2963 756 3006 omnibus
777 2964 864 3005 suis
884 2963 1156 3019 pertinenciis
1176 2979 1341 3006 necnon
1363 2979 1508 3006 omnes
1528 2963 1624 3005 illas
1644 2966 1776 3006 terras
1798 2967 1840 3006 et
1861 2967 2105 3007 tenementa
