2362 3392
233 170 344 212 1716

169 381 350 421 testatur
391 377 504 433 quod
544 376 759 433 predictus
808 374 1068 417 EDMUNDUS
1117 373 1297 416 tradidit
1338 375 1382 416 et
1422 374 1478 416 ad
1517 373 1685 416 firmam
1739 372 1902 416 dimisit
1951 373 2119 430 prefato

168 468 199 512 J
201 483 379 511 OHANNI
410 467 686 511 STRADLING’
718 466 958 509 manerium
988 480 1114 508 suum
1144 465 1197 507 de
1227 464 1426 507 Corrmr'
1458 465 1583 507 aliter
1612 464 1777 507 dictum
1805 463 1945 508 WEs‘r
1975 464 2124 507 PLAcE

164 575 261 602 cum
282 558 481 601 omnibus
505 558 628 601 terris
649 561 690 600 et
711 556 967 600 tenementis
986 556 1102 599 infra
1121 556 1362 599 manerium
1385 556 1624 612 predictum
1645 571 1727 612 que
1748 556 1816 599 vel
1837 556 1952 612 quod
1981 571 2118 613 nuper

165 650 250 693 fuit
290 650 321 693 J
322 664 522 692 oHANms
561 650 823 717 STRADLINf}
863 648 1013 691 militis
1047 647 1163 690 infra
1207 648 1446 690 dominium
1481 649 1534 690 de
1576 647 1790 690 Oommp‘.
1852 646 2120 691 Habendum

163 744 205 784 et
248 742 485 784 tenendum
523 741 761 797 predictum
810 740 1049 783 manerium
1095 754 1190 782 cum
1241 740 1327 782 suis
1376 739 1646 795 pertinentiis
1690 738 1856 794 prefato
1902 738 1933 782 J
1935 753 2112 781 OHANNI

164 832 426 876 STRADLING
457 836 501 875 et
529 832 756 888 assignatis
787 831 872 873 suis
902 832 957 873 ad
988 830 1221 873 terminum
1251 830 1433 885 triginta
1463 845 1685 873 annorum.
1749 829 1986 872 Reddendo
2016 829 2117 872 inde

158 940 234 981 per
275 939 436 967 annum
469 923 636 980 prefato
666 922 899 965 EDMUNDO
929 921 1155 964 heredibus
1185 926 1227 964 et
1258 920 1485 977 assignatis
1515 922 1601 963 suis
1631 921 1920 977 quadraginta
1962 920 2118 963 solidos

159 1015 269 1059 bone
299 1019 341 1058 et
362 1015 512 1071 legalis
532 1018 701 1057 monete
721 1014 907 1057 ANGLIE
929 1014 984 1056 ad
1005 1013 1164 1056 festum
1193 1012 1339 1055 Sancti
1359 1012 1621 1055 MICHAELIS
1651 1011 1897 1068 archangeli
1927 1014 2113 1054 tantum.

161 1106 221 1149 Et
243 1107 277 1149 si
298 1106 522 1163 contingat
543 1105 757 1161 predictus
778 1105 972 1147 redditus
1002 1107 1161 1146 arretro
1183 1104 1274 1146 fore
1305 1104 1350 1145 in
1381 1107 1502 1159 parte
1524 1103 1595 1145 vel
1625 1103 1670 1145 in
1701 1105 1792 1145 toto
1824 1117 1898 1158 per
1927 1117 2116 1145 mensem

157 1200 251 1254 post
282 1197 439 1239 festum
468 1197 708 1253 predictum
739 1196 852 1252 quod
883 1198 987 1238 tunc
1016 1194 1124 1237 bene
1155 1193 1297 1237 licebit
1329 1194 1496 1250 prefato
1538 1193 1769 1236 EDMUNDO
1799 1193 1845 1235 in
1876 1193 2114 1236 manerium

164 1289 403 1345 predictum
454 1288 614 1330 intrare
656 1291 697 1329 et
738 1287 994 1343 distringere
1036 1285 1446 1342 distringcionesque
1487 1285 1545 1327 sic
1581 1288 1725 1340 captas
1759 1285 1873 1327 licite
1903 1287 2120 1340 asportare

160 1379 271 1437 ef[f]
280 1395 411 1436 ugare
433 1383 474 1421 et
495 1393 625 1434 penes
647 1394 690 1420 se
710 1379 892 1420 retinere
913 1392 1132 1433 quousque
1152 1378 1205 1419 de
1225 1377 1398 1419 redditu
1426 1377 1616 1432 predicto
1638 1379 1681 1418 et
1702 1375 1796 1431 ejus
1826 1376 2051 1433 arreragiis
2081 1376 2116 1418 si

162 1486 244 1527 que
265 1470 429 1513 fuerint
446 1470 526 1513 sibi
547 1469 735 1525 plenarie
753 1469 884 1511 fuerit
900 1468 1164 1524 persolutum
1179 1472 1221 1510 et
1238 1467 1515 1510 satisfactum.
1560 1466 1621 1508 Et
1640 1466 1855 1522 predictus
1875 1466 1904 1510 J
1907 1480 2118 1509 OHANNES

160 1561 435 1605 STRADLING'
465 1565 507 1603 et
535 1560 742 1617 assignati
771 1560 836 1602 sui
864 1559 1104 1602 manerium
1125 1559 1364 1615 predictum
1395 1573 1491 1600 cum
1524 1557 1721 1600 omnibus
1754 1558 1930 1600 edificiis
1956 1557 2116 1600 ibidem

160 1656 202 1695 et
233 1654 287 1695 ad
308 1656 477 1708 tempus
508 1651 821 1708 dimisss]ionis
850 1650 1037 1707 predicte
1069 1649 1281 1692 stantibus
1301 1664 1349 1692 ac
1370 1649 1538 1692 situatis
1569 1648 1761 1706 gardinis
1793 1648 1915 1690 fossis
1945 1648 2117 1690 vivariis

156 1745 341 1801 aquariis
362 1743 556 1800 stangnis
576 1748 735 1786 etcum
767 1742 913 1785 ceteris
940 1741 1026 1784 suis
1052 1741 1324 1797 pertinenciis
1354 1740 1461 1783 bene
1493 1744 1534 1782 et
1566 1740 1822 1782 sufficienter
1851 1739 2111 1796 reparabunt

155 1835 457 1879 sustentabunt
506 1839 547 1877 et
588 1833 928 1876 manutenebunt
980 1832 1220 1889 sumptibus
1265 1833 1351 1875 suis
1400 1832 1580 1887 propriis
1621 1841 1662 1873 et
1700 1831 1897 1887 expencis
1939 1832 2121 1874 durante

158 1927 341 1970 termino
364 1926 617 1982 supradicto.
680 1925 741 1968 Et
762 1925 940 1967 ulterius
962 1925 1176 1980 predictus
1197 1923 1226 1967 J
1228 1938 1438 1966 oHANNEs
1459 1922 1736 1965 STRADLING’
1760 1927 1802 1964 et
1823 1923 2030 1978 assignati
2051 1923 2116 1965 sui

158 2033 303 2061 omnes
334 2018 636 2060 convenciones
667 2032 714 2059 ac
746 2017 889 2059 omnia
918 2019 959 2058 et
991 2016 1162 2072 singula
1182 2015 1454 2071 infrascripta
1481 2015 1527 2056 in
1558 2013 1751 2070 partibus
1782 2014 1868 2056 suis
1897 2014 1944 2056 in
1975 2014 2112 2057 forma

156 2110 346 2167 predicta
365 2109 473 2152 bene
494 2112 535 2150 et
556 2108 738 2151 fideliter
758 2107 967 2151 tenebunt
988 2111 1031 2150 et
1058 2106 1375 2163 perimplebunt
1397 2105 1474 2148 sub
1502 2121 1614 2162 pena
1644 2106 1908 2148 forisfacture
1939 2105 2112 2148 termini

158 2200 337 2257 predicti
358 2200 440 2242 hiis
460 2199 700 2241 indenturis
727 2199 773 2241 in
795 2199 938 2255 aliquo
959 2213 1032 2240 seu
1053 2197 1267 2254 aliquibus
1296 2213 1382 2240 non
1414 2196 1691 2239 obstantibus.
1754 2196 1929 2239 Proviso
1951 2211 2115 2252 semper

159 2293 273 2348 quod
307 2291 498 2347 prefatus
529 2290 558 2333 J
561 2305 770 2333 OHANNES
800 2290 1076 2333 STRADLING'
1098 2293 1140 2332 et
1169 2288 1375 2344 assignati
1404 2288 1469 2330 5111
1499 2288 1681 2330 durante
1711 2287 1893 2330 termino
1924 2287 2112 2343 predicto

161 2386 305 2426 teneat
325 2382 393 2425 vel
415 2385 590 2424 teneant
611 2397 685 2437 per
706 2397 748 2423 se
766 2381 837 2423 vel
857 2396 931 2437 per
953 2381 1230 2423 sufficientem
1252 2381 1506 2435 deputatum
1528 2394 1652 2421 sumn
1673 2393 1746 2421 seu
1766 2393 1841 2434 per
1861 2379 2113 2421 sufficientes

162 2475 388 2529 deputatos
438 2473 598 2514 curiam
638 2472 817 2528 predicti
857 2471 1079 2513 EDMUNDI
1124 2471 1189 2512 vel
1230 2470 1325 2526 ejus
1370 2470 1574 2512 heredum
1614 2470 1729 2524 apud
1781 2469 2111 2511 OOLWYNsTow'

160 2565 392 2607 secundum
413 2578 537 2605 usum
559 2566 602 2605 et
629 2563 978 2605 consuetudinem
999 2561 1159 2604 ibidem
1179 2562 1385 2604 usitatum
1408 2560 1588 2616 singulis
1610 2560 1871 2616 temporibus
1892 2559 2045 2602 debitis
2065 2564 2107 2603 et

155 2655 375 2698 consuetis.
443 2654 498 2696 In
531 2654 598 2710 cuj
606 2669 652 2696 us
683 2654 744 2696 rei
773 2653 1067 2696 testimonium
1096 2656 1237 2708 partes
1268 2652 1454 2708 predicte
1484 2651 1567 2693 hiis
1588 2651 1829 2693 indenturis
1860 2650 2001 2707 sigilla
2031 2666 2106 2693 sua

159 2746 404 2789 alternatim
425 2749 726 2801 apposuerunt,
788 2744 892 2787 Dat’
915 2744 1027 2786 dicto
1049 2743 1117 2785 die
1140 2746 1182 2785 et
1203 2758 1315 2785 anno
1337 2742 1589 2798 supradicto.

218 2837 315 2879 Seal
336 2837 430 2879 lost.
