2362 3392
232 243 343 285 1860

166 457 504 508 recognoverunt
524 452 734 508 predictas
754 455 916 507 septem
932 466 1048 494 acras
1068 455 1179 494 terre
1199 451 1372 495 arabffis
1387 465 1484 495 cum
1505 453 1778 508 pertinenciis
1795 468 1882 496 esse
1897 453 1969 509 jus
1988 452 2122 509 ipsius

163 541 453 585 MARGARETE
474 546 523 586 ut
542 543 618 585 issa
638 557 720 599 que
740 542 887 585 eadem
909 541 1201 585 MARGARETA
1222 542 1353 586 habet
1381 544 1435 586 de
1466 544 1578 588 dono
1608 544 1789 600 predicti
1819 543 2041 587 &mmm
2072 547 2115 587 et

164 631 430 676 MARCELEY.
513 633 767 676 Tenendum
811 633 951 676 eidem
986 633 1274 676 MARGARETE
1316 637 1358 677 et
1390 634 1618 678 heredibus
1657 635 1744 678 suis
1779 636 1832 678 de
1868 634 2121 691 capitalibus

164 724 349 767 dominis
381 724 496 767 feodi
529 724 647 767 illius
679 739 754 781 per
786 724 961 767 servicia
986 739 1068 780 que
1093 725 1148 766 ad
1183 724 1280 766 illas
1314 725 1532 781 pertinent
1563 726 1891 782 imperpetuum.
1955 726 2016 769 Et
2047 725 2121 769 ille

162 815 442 857 remittuntur
480 818 522 858 et
562 815 1018 871 quietum-clamantur
1057 816 1110 857 de
1150 815 1252 871 ipsis
1293 814 1521 859 GRIFmNo
1556 820 1599 860 et
1639 816 1891 859 MARCELEY
1934 817 2120 873 predicte

160 905 450 949 MARGARETE
467 910 509 949 et
525 906 753 949 heredibus
768 907 854 949 suis
869 890 1200 962 imperpetuum.
1263 906 1322 949 Et
1338 907 1519 963 predicti
1537 907 1791 950 GRIFFmUS
1807 911 1850 950 et
1865 907 2119 951 MARCELEY

159 1000 202 1040 et
222 997 396 1041 heredes
427 998 559 1054 ipsius
591 997 843 1040 MARCELEY
874 997 1214 1040 warantizabunt
1244 998 1454 1054 predictas
1485 1001 1648 1054 septem
1679 1013 1796 1041 acras
1815 1002 1926 1041 terre
1946 999 2119 1042 arabilis

158 1104 256 1132 oum
276 1090 549 1146 pertinenciis
568 1090 756 1146 predicte
778 1090 1068 1133 MARGARETE
1100 1090 1327 1133 heredibus
1357 1095 1400 1133 et
1431 1091 1659 1147 assignatis
1690 1091 1776 1134 suis
1806 1093 1952 1134 contra
1972 1106 2118 1135 omnes

156 1181 349 1224 homines
370 1182 698 1238 imperpetuum.
764 1181 825 1225 Et
855 1197 931 1238 pro
962 1182 1040 1224 hao
1071 1182 1361 1238 recognitione
1392 1182 1638 1225 remissione
1669 1182 2116 1238 quietumclamatione

156 1276 346 1316 waranto
363 1274 448 1316 fine
464 1276 506 1316 et
519 1274 742 1316 concordia
755 1274 903 1316 eadem
917 1273 1208 1315 MARGARETA
1224 1273 1343 1315 dedit
1359 1273 1538 1329 prefatis
1560 1272 1789 1316 GRIFFINO
1803 1277 1845 1316 et
1861 1273 2116 1317 MARCELEY

155 1368 327 1407 centum
349 1364 504 1407 solidos
525 1367 568 1406 et
588 1365 762 1407 domino
783 1365 836 1407 de
857 1365 942 1406 fine
963 1365 1053 1407 1000
1075 1364 1203 1407 unius
1224 1364 1459 1420 esperverii.
1499 1399 1505 1406 .
1543 1399 1550 1406 .
1587 1399 1593 1406 .

216 1455 300 1498 Per
320 1470 388 1498 me
411 1454 673 1498 LAWRENCE
696 1455 954 1500 WILL1AMs.
1018 1455 1100 1498 Pes
1121 1455 1231 1499 finis.

209 1547 506 1590 Endorsed—‘
522 1547 596 1591 An
627 1548 828 1591 auncient
857 1548 940 1590 fine
972 1547 1017 1590 of
1058 1550 1082 1589 7
1115 1562 1228 1590 acres
1253 1547 1418 1591 dimid:
1454 1548 1498 1590 of
1529 1548 1652 1590 lands
1684 1548 1729 1589 in
1752 1547 2102 1605 Llanmyhangel

151 1638 279 1695 juxta
312 1638 565 1696 Cowbridge
598 1640 645 1682 in
681 1654 794 1682 anno
828 1640 883 1682 22
918 1639 981 1682 Η.
1016 1654 1114 1681 vm.
1150 1638 1341 1682 between
1377 1638 1550 1682 G-riffith
1584 1638 1729 1682 Goche
1772 1639 1858 1681 and
1891 1638 2109 1694 Marceley

151 1730 218 1773 his
239 1730 383 1786 wyse?

208 1821 276 1851 The
302 1822 401 1852 latter
426 1823 593 1852 condition
620 1823 646 1852 is
671 1827 727 1852 not
752 1823 845 1852 clear.
887 1823 920 1852 It
945 1828 1065 1852 cannot.
1081 1832 1183 1854 mean.
1201 1822 1283 1852 ‘and
1298 1827 1333 1851 to
1349 1822 1403 1851 the
1419 1822 1498 1854 lord.
1515 1822 1565 1851 for
1580 1831 1597 1851 a
1614 1821 1686 1857 fine,
1702 1822 1734 1851 in
1752 1821 1842 1859 place
1865 1821 1897 1851 of
1920 1830 1937 1850 a
1960 1830 2101 1859 spari-ow

160 1878 458 1916 hawk—nothing.'
502 1879 590 1908 More
617 1879 786 1917 probably.
815 1879 897 1908 ‘and
926 1888 1007 1916 gave
1039 1884 1073 1908 to
1103 1879 1157 1908 the
1186 1878 1255 1908 lord
1281 1888 1298 1907 a
1314 1878 1377 1907 fine
1404 1878 1435 1907 in
1462 1878 1553 1916 piace
1579 1878 1610 1907 ot*
1637 1887 1654 1906 a
1680 1887 1822 1915 sparrow
1839 1877 1955 1914 hawk‚'
1972 1878 2031 1907 but
2047 1878 2102 1907 the

161 1939 297 1964 amount
314 1935 347 1964 of
364 1935 419 1964 the
435 1935 497 1964 fine
513 1935 571 1964 has
587 1936 668 1965 been
683 1935 820 1965 omitted
836 1936 879 1973 by
895 1936 950 1965 the
965 1935 1171 1965 transcribet,

982 2108 1299 2153 MGCCXLII.

149 2199 349 2244 LEASE
403 2200 491 2243 BY
541 2200 671 2244 THE
723 2199 930 2244 ABBOT
982 2199 1061 2243 OF
1101 2199 1183 2243 ST.
1237 2198 1672 2251 AUGUSTINE'S,
1707 2198 1985 2248 BRISTOL,
2034 2197 2111 2241 TO

296 2282 471 2326 THOS.
541 2282 761 2325 BAKER
823 2282 959 2325 AND
1026 2281 1200 2325 THOS.
1267 2282 1297 2325 J
1301 2281 1463 2325 ONYS
1533 2281 1610 2324 OF
1673 2281 1804 2324 THE
1857 2279 2112 2324 CHAPEL

297 2365 431 2408 AND
502 2365 730 2409 MANOR
801 2365 879 2409 OF
949 2364 1032 2408 ST.
1104 2364 1356 2407 PETER’S
1429 2364 1501 2407 IN
1572 2364 1703 2407 THE
1781 2363 1969 2416 MOOR,
2040 2364 2114 2407 IN

295 2448 717 2492 MARSHFIELD
765 2448 900 2492 AND
953 2447 1035 2491 ST.
1088 2447 1398 2499 MELLONS,
1442 2447 1545 2490 Ere.

969 2531 1149 2588 [CARNE
1182 2530 1300 2587 MS.]

1247 2615 1272 2655 7
1304 2613 1413 2656 FER.
1477 2614 1532 2656 22
1565 2613 1689 2656 HEN.
1724 2612 1860 2657 VIII.
1924 2613 2049 2655 1531.

209 2704 419 2748 Omnibus
452 2704 641 2748 CHRISTI
672 2705 870 2748 fidelibus
900 2707 954 2748 ad
985 2720 1090 2762 quos
1120 2720 1290 2761 presens
1331 2705 1535 2760 scriptum
1565 2705 1839 2747 indentatum
1870 2704 2110 2759 pervenerit

149 2794 437 2839 WILLELMUS
487 2796 763 2851 permissione
813 2796 960 2839 divina
1011 2796 1141 2839 abbas
1190 2795 1436 2838 monasterii
1487 2794 1634 2838 Sancti
1683 2795 1944 2837 AUGUSTINI
1985 2794 2112 2851 juxta

147 2885 384 2928 Bmsromss
408 2889 450 2928 et
471 2887 659 2941 ejusdem
679 2887 760 2929 loci
781 2892 1015 2930 conventus
1035 2887 1218 2930 salutem
1238 2887 1284 2928 in
1306 2886 1494 2929 Domino
1516 2886 1832 2941 sempiternam.

202 2977 356 3020 Sciatis
376 2992 453 3020 nos
474 2978 690 3033 prefatum
710 2978 909 3021 abbatem
931 2981 972 3021 et
992 2981 1249 3021 conventum
1262 2977 1457 3020 unanimi
1473 2991 1643 3019 assensu
1662 2981 1704 3019 et
1726 2990 1932 3019 consensu
1950 2975 2110 3018 nostris

142 3068 368 3111 tradidisse
400 3069 652 3112 concessisse
685 3073 727 3112 et
757 3071 811 3112 ad
842 3070 1010 3112 firmam
1041 3069 1250 3112 dimisisse
1287 3068 1453 3111 THOME
1487 3067 1657 3110 BAKAR
1688 3067 1837 3109 clerico
1868 3070 1911 3109 et
1941 3065 2108 3108 THOME
