2362 3392
1841 261 1954 302 1941

62 473 275 513 terrarum
313 472 654 512 tenementorum
690 471 733 510 et
764 471 998 510 ceterorum
1019 467 1211 509 omnium
1232 470 1275 509 et
1305 467 1573 523 singulorum
1602 468 1902 522 premissorum
1922 483 2019 510 cum

63 575 208 603 eorum
238 560 508 616 pertinentiis
536 559 745 601 universis
775 573 822 601 ac
843 573 990 600 omnes
1020 561 1062 600 et
1092 558 1283 614 singulos
1310 557 1502 600 redditus
1517 558 1787 600 revenciones
1808 562 1850 600 et
1881 562 2017 601 cetera

58 651 260 694 annualia
289 651 475 706 proficua
505 664 768 706 quecumque
799 664 923 704 super
945 648 1278 704 quibuscumque
1299 647 1616 690 dimissionibus
1637 663 1711 690 seu
1732 650 2006 692 concessioni-

61 743 139 785 bus
158 742 457 797 premissorum
478 745 554 784 aut
574 741 757 797 alicujus
777 741 877 782 inde
897 740 1077 795 parcelle
1102 740 1217 781 facta
1237 743 1448 782 reservata
1470 755 1566 782 cum
1579 754 1725 782 eorum
1738 739 2008 795 pertinentiis

64 833 286 875 universis.

121 924 216 971 Que
237 925 409 980 quidem
429 923 618 966 maneria
639 922 818 979 grangie
839 923 1056 977 mesuagia
1077 921 1323 964 molendina
1353 921 1612 964 columbaria
1634 925 1744 963 terre
1765 926 2009 964 tenementa

65 1020 108 1058 et
127 1019 264 1057 cetera
283 1015 486 1070 premissa
507 1028 603 1056 cum
624 1028 770 1056 eorum
790 1012 1058 1068 pertinentiis
1078 1013 1371 1054 extenduntur
1385 1013 1440 1054 ad.
1462 1012 1623 1054 clarum
1644 1027 1806 1054 annum
1827 1012 2013 1054 valorem

63 1106 349 1162 quadraginta
368 1105 575 1148 librarum
596 1104 820 1147 duodecim
842 1104 1072 1146 solidorum
1094 1107 1136 1146 et
1157 1104 1355 1146 undecim
1376 1103 1647 1146 denariorum
1669 1119 1717 1145 ac
1737 1118 1823 1145 non
1854 1104 1980 1145 ultra.

122 1196 181 1238 Et
215 1198 407 1251 quamvis
447 1196 635 1252 predicta
672 1195 861 1237 maneria
901 1194 1119 1250 mesuagia
1153 1197 1263 1236 terre
1305 1196 1549 1236 tenementa
1585 1197 1626 1235 et
1666 1198 1804 1236 cetera
1844 1194 2014 1250 singula

64 1289 266 1345 premissa
285 1288 515 1330 secundum
538 1290 678 1329 ratum
700 1286 1020 1342 perquisicionis
1040 1286 1197 1341 viginti
1228 1300 1438 1328 annorum
1470 1285 1734 1340 attingerent
1764 1286 1809 1327 in
1839 1288 1929 1328 toto
1960 1288 2015 1328 ad

65 1394 274 1421 summam
307 1379 675 1434 septingentarum
711 1377 891 1433 triginta
928 1376 1056 1418 unius
1087 1376 1293 1418 librarum
1334 1376 1532 1418 undecim
1572 1377 1805 1418 solidorum
1846 1380 1887 1418 et
1923 1383 2016 1419 octo

66 1471 334 1512 denariorum
355 1470 469 1511 ultra
489 1474 532 1511 et
552 1472 692 1525 preter
713 1469 856 1510 decem
877 1467 1007 1510 libras
1028 1470 1071 1509 et
1091 1467 1322 1510 octodecim
1343 1467 1497 1509 solidos
1517 1482 1593 1523 pro
1625 1467 1758 1510 boscis
1789 1468 2015 1524 superinde

67 1560 347 1604 crescentibus
380 1595 387 1602 .
421 1559 513 1602 Nos
534 1563 678 1602 tamen
699 1575 785 1601 non
806 1559 1073 1600 immemores
1093 1559 1321 1601 existentes
1341 1559 1478 1600 fidelis
1499 1562 1540 1601 et
1562 1558 1830 1614 acceptabilis
1850 1560 2015 1601 servicii

66 1655 109 1694 et
143 1651 331 1707 obsequii
362 1651 463 1693 dicti
494 1651 638 1692 dilecti
671 1650 890 1692 servientis
921 1650 1054 1691 nostri
1077 1649 1199 1692 Rlcn
1223 1649 1466 1692 MANXELL'
1490 1654 1590 1691 ante
1610 1650 1688 1692 hac
1718 1650 2013 1705 multipliciter

67 1741 187 1785 nobis
219 1742 399 1797 impensi
428 1757 481 1783 ex
510 1756 627 1783 mera
657 1740 912 1783 liberalitate
944 1744 985 1782 et
1016 1739 1283 1796 benignitate
1303 1741 1458 1782 nostris
1489 1741 1626 1783 eidem
1651 1741 1781 1783 Rlcm
1804 1756 2016 1784 summam

65 1844 235 1876 centum
263 1833 470 1875 librarum
500 1847 581 1888 que
612 1847 687 1888 pro
708 1832 921 1888 premissis
952 1832 1066 1873 ultra
1096 1832 1254 1873 dictam
1285 1847 1495 1874 summam
1517 1835 1811 1874 sexcentarum
1832 1833 2013 1888 quadra-

62 1925 183 1981 ginta
213 1925 394 1967 duarum
425 1923 630 1966 librarum
662 1937 813 1964 novem
843 1922 1075 1964 solidorum
1105 1927 1148 1964 et
1178 1928 1269 1964 octo
1300 1923 1572 1965 denariorum
1603 1924 1836 1965 secundum
1865 1927 2006 1966 ratum

63 2015 298 2071 predictum
339 2018 446 2057 esset
485 2013 629 2056 debita
664 2015 815 2056 damus
856 2014 1113 2055 remittimus
1153 2018 1196 2055 et
1226 2015 1466 2056 relaxamus
1505 2017 1549 2056 et
1579 2015 1630 2056 de
1667 2015 1816 2056 eadem
1846 2029 2011 2057 summa

66 2110 236 2149 centum
255 2105 460 2148 librarum
480 2106 663 2147 eundem
686 2105 858 2147 RlcmM
881 2104 1125 2146 MANXELL'
1148 2105 1322 2147 heredes
1347 2104 1432 2161 [et]
1458 2109 1699 2147 executores
1720 2120 1816 2147 suos
1833 2106 2014 2147 ‘omnino

67 2211 142 2252 per
158 2200 371 2252 presentes
386 2210 676 2238 exoneramus.

124 2287 181 2330 Et
212 2287 388 2329 ulterius
419 2287 613 2329 volumus
643 2301 718 2342 pro
750 2286 1087 2328 consideracione
1118 2287 1306 2342 predicta
1338 2302 1385 2328 ac
1416 2303 1468 2329 ex
1499 2292 1612 2329 certa
1633 2287 1813 2329 sciencia
1833 2292 1876 2329 et
1897 2302 2011 2329 mero

67 2382 186 2421 motu
220 2378 374 2421 nostris
405 2393 479 2434 per
512 2381 725 2433 presentes
759 2378 1026 2420 concedimus
1058 2378 1224 2433 prefato
1258 2379 1389 2420 R1c1o
1424 2378 1669 2420 MANXELL'
1711 2379 1937 2421 heredibus
1972 2382 2013 2420 et

68 2469 290 2525 assignatis
321 2469 407 2511 suis
436 2470 549 2524 quod
579 2469 694 2510 idem
726 2469 883 2510 Rmms
913 2469 1087 2511 heredes
1117 2473 1159 2511 et
1199 2469 1406 2525 assignati
1446 2469 1511 2511 sui
1550 2468 1736 2511 habeant
1765 2472 1940 2511 teneant
1971 2472 2012 2511 et

67 2560 281 2615 gaudeant
311 2559 500 2614 predicta
532 2559 722 2601 maneria
752 2560 971 2616 mesuagia
1002 2561 1206 2616 grangias
1236 2561 1482 2602 molendina
1515 2563 1648 2602 terras
1677 2564 1922 2602 tenementa
1962 2575 2010 2601 ac

67 2653 201 2691 cetera
231 2650 372 2692 omnia
402 2653 445 2692 et
475 2649 646 2705 singula
687 2650 888 2705 premissa
929 2651 1121 2706 superius
1161 2665 1356 2706 expressa
1397 2656 1437 2692 et
1469 2651 1707 2706 specificata
1740 2665 1836 2691 cum
1866 2665 2012 2692 eorum

68 2740 332 2795 pertinentiis
351 2740 557 2782 universis
578 2741 682 2782 adeo
704 2740 827 2795 plene
848 2744 891 2782 et
910 2741 1077 2797 integre
1100 2756 1146 2783 ac
1166 2741 1212 2782 in
1234 2745 1324 2783 tam
1345 2741 1498 2797 amplis
1518 2741 1643 2782 modo
1665 2744 1707 2782 et
1727 2740 1865 2782 forma
1885 2744 2011 2795 prout

65 2830 240 2871 ultimus
269 2830 397 2873 abbas
418 2834 460 2872 et
481 2846 616 2886 nuper
637 2834 868 2873 conventus
889 2832 991 2873 dicti
1014 2847 1149 2887 nuper
1170 2832 1415 2874 monasterii
1437 2833 1488 2874 de
1511 2831 1734 2874 MARGAM'
1759 2836 1833 2873 aut
1855 2831 2008 2886 aliquis

68 2920 133 2960 vel
154 2920 284 2975 aliqui
304 2921 641 2975 predecessorum
663 2936 835 2963 suorum
865 2922 910 2963 in
931 2921 1027 2977 jure
1057 2938 1193 2978 nuper
1222 2923 1468 2965 monasterii
1498 2923 1614 2964 illius
1645 2922 1789 2977 aliquo
1820 2926 2007 2977 tempore

70 3012 167 3051 ante
215 3010 537 3052 dissolucionem
588 3012 926 3067 suppressionem
977 3013 1063 3054 sive
1115 3013 1588 3056 sursum-reddicionem
1640 3011 1834 3068 ejusdem
1879 3027 2015 3068 nuper
