2362 3392
1937 232 2045 272 1811

258 442 318 485 Et
339 443 391 485 de
411 442 602 497 plenaria
622 441 866 483 remissione
888 447 929 483 et
951 441 1214 483 absolutione
1246 440 1374 482 semel
1401 440 1446 481 in
1472 439 1561 480 vita
1594 442 1635 480 et
1667 439 1713 480 in
1746 439 1894 481 mort-is
1922 439 2099 481 articulo

345 537 394 576 ut
415 547 553 588 supra.

257 624 315 666 Et
338 625 390 666 de
411 624 537 667 altari
558 624 748 680 portatili
770 639 866 665 cum
887 624 1075 666 clausula
1098 627 1107 645 ‘
1126 627 1224 665 ante
1241 623 1354 665 diem
1369 622 1379 640 '
1402 625 1444 665 et
1460 623 1505 664 in
1521 622 1622 664 locis
1638 621 1874 663 interdictis
1890 624 1939 663 ut
1955 636 2095 676 supra.

256 715 316 757 Et
337 716 390 757 de
410 720 600 770 tempore
619 714 835 756 interdicti
852 729 1024 769 corpora
1041 719 1255 756 oratorum
1272 713 1546 756 ecclesiastice
1559 712 1672 755 tradi
1687 712 1850 768 possint
1863 712 2092 767 sepulture.

256 806 316 848 Et
346 806 398 848 de
429 805 711 861 indulgentiis
741 805 972 847 stationum
1005 805 1120 846 urbis
1152 805 1286 846 ROME
1314 805 1526 846 visitando
1550 804 1743 846 ecclesias
1772 803 1840 845 vel
1870 802 2022 844 altaria
2046 806 2096 844 ut

345 911 483 952 supra.

255 987 316 1029 Et
336 989 388 1029 de
410 1003 483 1029 esu
504 1001 680 1030 ovorum
701 986 847 1041 butyri
870 986 976 1028 casei
999 994 1039 1027 et
1062 986 1242 1028 aliorum
1259 986 1569 1028 lacticiniorum
1591 1000 1637 1027 ac
1659 985 1850 1027 carnium
1879 989 1927 1027 ut
1957 999 2090 1040 sapra.

254 1078 314 1120 Et
335 1079 387 1120 de
407 1078 688 1134 ingrediendo
708 1078 963 1119 monasteria
984 1078 1233 1119 monialium
1256 1092 1331 1133 pro
1352 1077 1601 1119 mulieribus
1615 1079 1786 1118 tantum
1802 1080 1850 1118 ut
1866 1076 2091 1132 profertur.

255 1169 315 1212 Et
337 1185 433 1212 cum
455 1170 730 1225 derogatione
753 1169 999 1211 cancellarie
1021 1169 1246 1224 apostolice
1267 1169 1513 1224 regularum
1530 1169 1574 1210 in
1592 1168 1849 1211 contrarium
1866 1167 2091 1210 editarum.

254 1261 314 1302 Et
335 1262 449 1316 quod
469 1261 729 1316 presentium
751 1261 1031 1316 transumptis
1052 1260 1300 1303 auctenticis
1325 1260 1429 1302 fides
1459 1261 1584 1302 detur
1615 1274 1696 1315 que
1725 1259 1919 1301 similiter
1944 1259 2010 1301 vel
2039 1259 2094 1301 ad

338 1355 504 1407 partem
534 1367 610 1407 pro
641 1351 830 1407 quolibet
862 1356 1024 1393 oratore
1055 1351 1149 1393 aliis
1180 1352 1343 1393 omissis
1373 1351 1499 1393 etiam
1532 1351 1808 1406 exprimendo
1841 1350 2015 1392 nomina
2052 1352 2094 1392 et

339 1443 593 1498 cognomina
615 1456 795 1484 uxorum
818 1445 859 1483 et
880 1442 1110 1484 liberorum
1132 1444 1223 1484 fieri
1248 1443 1390 1498 possit.
1453 1442 1514 1484 Et
1544 1443 1658 1498 quod
1688 1448 1903 1497 presentes
1936 1443 2092 1483 durent

337 1534 392 1575 ad
415 1534 546 1575 vitam
569 1534 836 1590 singulorum
857 1536 1072 1575 oratorum
1094 1537 1135 1575 et
1157 1548 1301 1575 eorum
1335 1534 1422 1575 sola
1450 1534 1670 1589 signatura
1704 1533 1881 1575 sufficiat
1920 1532 2088 1587 ubique.

249 1624 504 1666 Concessum
520 1631 566 1665 ut
580 1625 740 1679 petitur
752 1626 798 1667 in
812 1625 1024 1681 presentia
1038 1625 1200 1666 domini
1218 1625 1351 1667 nostri
1366 1624 1482 1681 Pape
1500 1659 1507 1666 .
1528 1625 1557 1668 J
1563 1639 1693 1667 ULms
1711 1625 2087 1666 vicecancellarius,

192 1715 397 1758 ΤΗΟΜΑΒ1
421 1715 505 1757 Dei
527 1720 569 1756 et
591 1717 816 1771 apostolice
848 1716 957 1758 sedis
991 1716 1129 1771 gratia
1163 1717 1380 1771 episcopus
1415 1715 1722 1758 LEGLtNENSIs
1755 1715 1917 1757 domini
1951 1718 2092 1757 nostre

133 1806 251 1862 Pape
292 1805 618 1861 penitentiarius
651 1808 693 1848 in
733 1807 932 1849 ROMANA
971 1807 1086 1848 curia
1118 1807 1305 1848 residens
1337 1807 1544 1848 universis
1577 1811 1619 1849 et
1655 1804 1835 1862 singulis
1876 1809 2091 1862 presentes

133 1897 297 1939 litteras
348 1897 433 1938 sive
484 1912 655 1952 presens
706 1897 924 1953 publicum
973 1898 1232 1953 transumpti
1277 1898 1610 1939 instrumentum
1645 1897 1898 1953 inspecturis
1941 1896 2090 1939 visuris

131 1988 302 2030 lecturis
332 1988 491 2043 pariter
522 1991 563 2030 et
594 1989 805 2031 audituris
836 1989 1017 2031 salutem
1047 1989 1092 2030 in
1124 1989 1307 2030 domino.

190 2078 354 2121 Notum
397 2079 578 2121 facimus
608 2083 650 2121 et
681 2082 932 2122 attestamur
963 2095 1036 2135 per
1068 2083 1281 2135 presentes
1311 2080 1422 2135 quod
1455 2080 1618 2121 litteras
1658 2079 1885 2135 originales
1926 2078 2087 2120 confes-

131 2169 302 2211 sionalis
352 2184 533 2224 quarum
579 2170 699 2225 copia
740 2171 1016 2225 preinseritur
1059 2171 1242 2212 vidimus
1287 2170 1502 2212 tenuimus
1545 2170 1727 2226 legimus
1777 2173 1820 2212 et
1859 2170 2089 2225 diligenter

129 2261 393 2316 inspeximus
415 2275 566 2316 easque
587 2276 719 2303 manu
739 2262 1077 2303 reverendissimi
1098 2262 1144 2303 in
1167 2260 1362 2303 CHRISTO
1384 2261 1516 2316 patris
1537 2266 1577 2303 et
1600 2262 1761 2303 domini
1777 2262 1940 2303 domini
1956 2261 1986 2303 J
1989 2275 2086 2302 ULII

129 2352 398 2394 miseratione
439 2352 586 2393 divina
626 2352 753 2394 titulo
799 2352 945 2394 Sancti
990 2351 1253 2394 LAURENTn
1296 2353 1341 2394 in
1388 2352 1578 2394 DAMASO
1608 2352 1828 2407 presbiteri
1860 2351 2086 2394 cardinalis

129 2444 182 2484 de
218 2443 412 2484 Mssmms
440 2442 592 2485 Sancte
630 2443 828 2485 ROMANE
862 2444 1030 2485 ecclesie
1065 2443 1393 2485 vicecancellarii
1431 2444 1475 2485 in
1510 2444 1721 2498 presentia
1756 2445 1919 2486 domini
1950 2447 2085 2488 nostri

128 2533 246 2589 Pape
267 2536 309 2575 et
330 2534 381 2574 de
414 2532 507 2589 ejus
537 2535 741 2576 mandato
773 2534 962 2589 signatas
993 2534 1123 2576 fuisse
1151 2542 1192 2576 et
1221 2549 1308 2576 esse
1343 2535 1575 2590 reperimus
1604 2534 1757 2576 idcirco
1788 2536 1842 2577 ad
1868 2541 2081 2579 oratorum

125 2625 171 2666 in
203 2624 436 2679 preinserta
467 2630 507 2666 et
540 2625 698 2666 eisdem
740 2625 1019 2679 originalibus
1060 2625 1376 2667 nominatorum
1416 2640 1558 2681 preces
1598 2629 1640 2668 et
1680 2626 1930 2668 instantiam
1971 2628 2082 2683 ipsas

126 2715 290 2757 omissis
309 2714 613 2756 nonnullorum
635 2715 816 2757 aliorum
848 2719 1061 2757 oratorum
1083 2716 1326 2758 nominibus
1347 2720 1388 2758 et
1410 2716 1733 2772 cognominibus
1760 2732 1835 2772 per
1864 2719 2080 2762 notarium

124 2804 343 2860 publicum
364 2820 411 2847 ac
431 2805 730 2860 penitentiarie
764 2806 990 2862 apostolice
1021 2807 1217 2849 clericum
1247 2807 1498 2862 inscriptum
1528 2807 1737 2849 transumi
1771 2811 1814 2850 et
1847 2810 2079 2865 exemplari

125 2910 173 2938 ac
192 2895 238 2937 in
260 2895 370 2937 hanc
390 2895 605 2950 publicam
625 2897 884 2952 transumpti
906 2897 1088 2939 formam
1109 2897 1246 2953 redigi
1268 2900 1309 2938 et
1327 2897 1531 2940 subscribi
1547 2899 1844 2941 mandavimus
1861 2900 2076 2956 sigillique

125 2985 360 3027 communis
400 2985 524 3027 officii
565 2986 835 3028 dominorum
870 2987 1268 3042 penitentiariorum
1303 2987 1505 3043 jussimus
1538 2993 1580 3030 et
1612 2988 1790 3031 fecimus
1822 2991 2078 3045 appensione
