2362 3392
343 240 454 283 1756

1095 610 1418 655 MOOLXVII.

281 721 497 766 GRANT
537 720 625 763 BY
664 719 926 763 JANKYN
967 718 1246 762 DAUKYN
1297 718 1374 761 TO
1421 718 1625 762 DAVID
1680 719 1763 763 ΑΡ
1816 719 2044 763 HERRY
2095 718 2230 762 AND

427 812 801 857 GWENLYAN
842 811 951 854 HIS
993 810 1176 863 WIFE,
1220 810 1298 853 OF
1330 809 1374 853 A
1405 810 1909 854 HALF-BURGAGE
1950 810 2025 854 IN
2065 810 2232 853 FROG

425 903 677 957 STREET,
718 902 1035 947 SWANSEA.

1132 993 1207 1050 [G.
1233 993 1284 1035 G.
1311 992 1385 1049 R]

1393 1084 1443 1125 11
1468 1083 1584 1126 Nov.
1650 1084 1702 1125 15
1725 1083 1851 1126 HEN.
1875 1083 1985 1127 VII.
2051 1084 2174 1126 1499.

338 1195 485 1238 Sciant
515 1196 729 1250 presentes
761 1196 804 1236 et
836 1192 974 1235 futuri
1005 1193 1119 1248 quod
1153 1207 1232 1248 ego
1265 1192 1294 1236 J
1297 1191 1470 1234 ANKYN'
1498 1191 1717 1234 DAUKYN'
1747 1192 1800 1234 de
1832 1190 2111 1234 SWAYNESEY
2136 1192 2236 1235 dedi

281 1285 463 1329 concessi
483 1288 527 1329 et
556 1285 634 1327 hac
654 1284 841 1340 presenti
873 1288 988 1325 carta
1009 1298 1103 1325 mea
1134 1283 1380 1326 confirmavi
1413 1283 1570 1326 DAvm
1602 1298 1656 1339 ap
1692 1282 1863 1325 HERRY
1891 1286 1933 1325 et
1966 1282 2233 1327 GWENLYAN

279 1377 403 1420 uxori
444 1391 517 1419 sue
558 1375 832 1417 medietatem
872 1375 1000 1416 unius
1040 1374 1241 1431 burgagii
1289 1389 1385 1416 cum
1426 1373 1696 1429 pertinentiis
1734 1373 1916 1429 jacentis
1955 1374 2001 1415 in
2042 1374 2145 1416 villa
2184 1375 2238 1418 de

279 1468 558 1512 SWAYNESEY
578 1467 691 1509 inter
712 1469 1005 1508 tenementum
1027 1465 1056 1509 J
1059 1480 1246 1507 OHANNE
1268 1480 1321 1521 ap
1354 1464 1544 1507 THOMAS
1581 1479 1634 1520 ap
1666 1464 1696 1508 J
1700 1479 1822 1507 EUAN
1850 1464 2007 1507 LLOYD
2035 1480 2088 1508 ex
2115 1469 2237 1522 parte

279 1559 476 1603 orientali
498 1562 539 1600 et
567 1561 859 1600 tenementum
892 1556 1058 1599 THOME
1091 1557 1269 1599 ORADoc
1295 1572 1346 1600 ex
1376 1559 1495 1612 parte
1522 1556 1773 1599 occidentali
1806 1560 1848 1599 et
1878 1557 2072 1600 extendit
2104 1573 2147 1600 se
2182 1558 2236 1602 ab

279 1651 367 1694 alta
388 1653 520 1694 strata
541 1652 689 1692 vocata
710 1649 836 1691 Fssoo
859 1648 1004 1691 STRET
1026 1652 1214 1704 exparte
1235 1647 1385 1691 boriali
1407 1663 1540 1704 usque
1561 1649 1616 1690 ad
1632 1647 1790 1690 fossam
1805 1648 1917 1691 dicte
1932 1649 2033 1691 vifle
2049 1664 2102 1690 ex
2117 1652 2238 1706 parte

279 1741 468 1785 australi.
531 1740 797 1783 Habendum
838 1746 879 1783 et
919 1741 1154 1782 tenendum
1195 1739 1430 1795 predictam
1462 1739 1736 1781 medietatem
1767 1739 1969 1796 burgagii
1991 1755 2086 1782 cum
2107 1741 2237 1796 perti-

279 1834 436 1877 nentiis
471 1832 671 1889 predictis
712 1832 867 1874 DAvm
909 1847 961 1887 ap
1003 1831 1175 1874 Hmm-
1218 1834 1259 1873 et
1302 1830 1589 1873 GWENLLIAN
1632 1831 1774 1872 uxoris
1816 1846 1887 1873 sue
1928 1830 2154 1874 heredibus
2194 1836 2236 1874 et

281 1925 507 1982 assignatis
528 1924 613 1967 suis
633 1924 950 1979 imperpetuum
971 1924 1022 1965 de
1045 1923 1218 1979 capitali
1239 1923 1412 1965 domino
1434 1922 1549 1964 feodi
1569 1921 1686 1964 illius
1707 1937 1781 1977 per
1796 1923 1988 1965 redditus
2004 1926 2047 1965 et
2063 1923 2238 1966 servicia

282 2018 382 2060 inde
413 2016 558 2059 debita
587 2020 630 2058 et
661 2017 712 2058 de
745 2015 840 2071 jure
871 2020 1084 2057 consueta.
1147 2014 1207 2056 Et
1241 2029 1319 2070 ego
1354 2028 1452 2056 vero
1485 2012 1698 2068 predictus
1729 2012 1919 2055 JANKYN
1957 2013 2161 2056 DAUKYN
2196 2018 2240 2057 et

283 2109 458 2151 heredes
477 2108 561 2150 mei
582 2107 816 2162 predictam
837 2106 1110 2148 medietatem
1130 2105 1333 2161 burgagii
1354 2121 1450 2148 cum
1478 2104 1747 2162 pertinentiis
1774 2104 1974 2160 predictis
2006 2105 2162 2148 DAvn)
2198 2112 2240 2149 et

288 2199 573 2243 GWENLLIAN
596 2198 719 2240 uxori
740 2213 812 2240 sue
833 2197 1059 2240 heredibus
1079 2201 1122 2240 et
1143 2197 1370 2252 assignatis
1391 2197 1478 2239 suis
1507 2200 1654 2239 contra
1681 2211 1827 2238 omnes
1859 2202 2008 2252 gentes
2041 2197 2239 2240 waranti-

288 2291 478 2335 zabimus
499 2293 541 2332 et
561 2290 876 2345 imperpetuum
897 2289 1188 2331 defendemus.
1251 2287 1307 2330 In
1340 2289 1464 2344 cujus
1496 2288 1557 2331 rei
1592 2287 1885 2330 testimonium
1921 2287 2020 2330 huic
2055 2288 2242 2343 presenti

292 2386 404 2427 carte
424 2397 516 2425 mee
538 2380 729 2437 sigillum
750 2395 893 2422 meum
915 2379 1104 2435 apposui.
1167 2379 1270 2421 Hiis
1291 2378 1470 2421 testibus
1493 2412 1500 2420 .
1526 2377 1738 2420 ROBERTO
1760 2376 1892 2419 REED
1909 2381 2012 2419 tunc
2031 2377 2243 2432 preposito

291 2475 391 2517 ville
422 2475 474 2516 de
505 2472 783 2516 SWAYNESEY
817 2506 825 2513 .
861 2470 1082 2513 JOHANNE
1114 2470 1318 2513 RUSSELL
1356 2503 1364 2512 .
1402 2469 1660 2512 WILLELMO
1695 2468 1930 2510 THOMKYN
1973 2501 1981 2510 .
2019 2468 2246 2511 PH1L1P1>0

294 2566 401 2609 Dm(
424 2599 432 2607 .
456 2565 485 2608 J
488 2577 677 2607 OHANNE
699 2562 854 2605 LLOYD
877 2595 886 2605 .
910 2565 951 2605 et
973 2562 1120 2604 multis
1140 2562 1246 2604 aliis.

354 2655 458 2699 Dat'
496 2655 611 2710 apud
651 2653 930 2696 SWAYNESEY
965 2653 1010 2695 in
1051 2653 1119 2694 die
1155 2652 1302 2695 Sancti
1342 2651 1553 2694 MARTINI
1595 2651 1776 2707 episcopi
1812 2665 1924 2692 anno
1959 2650 2083 2707 regni
2115 2651 2248 2707 Regis

296 2746 502 2789 HENRICI
524 2744 694 2800 septimi
716 2747 808 2799 post
829 2747 1107 2798 conquestum
1127 2743 1277 2798 quinto
1299 2743 1474 2786 decimo.

358 2837 456 2880 Seal
475 2837 568 2879 lost.
