2362 3392
325 240 438 282 1958

1117 446 1374 490 MGOOXO.

269 562 558 606 RELEASE
599 562 686 606 BY
727 562 1021 607 WILLIAM
1062 562 1275 606 TYLER
1315 563 1393 606 ΤΟ
1434 563 1609 608 THOS.
1661 562 2047 607 STRADLYNG
2096 562 2222 606 FOR

1005 653 1479 697 SYGENSLONDE.

1117 769 1192 826 [e.
1217 769 1268 812 e.
1293 769 1370 826 R]

1318 870 1373 911 20
1404 869 1526 912 Am.
1588 870 1643 911 36
1675 869 1800 912 HEN.
1833 868 1970 913 VIII.
2034 868 2162 912 1544.

327 985 537 1028 Omnibus
567 985 756 1028 CHRISTI
785 985 981 1028 fidelibus
1011 986 1066 1027 ad
1096 1000 1201 1041 quos
1231 1000 1402 1041 presens
1432 986 1637 1041 scriptum
1661 985 1902 1042 pervenerit
1934 983 2220 1027 WrLLELMUs

267 1075 424 1118 TYLER
455 1077 508 1119 de
538 1076 713 1118 SANCTA
744 1076 947 1118 BRIGIDA
977 1076 1022 1118 in
1044 1076 1233 1118 dominio
1264 1077 1317 1118 de
1339 1075 1532 1119 OGMORE
1561 1076 1606 1118 in
1628 1077 1834 1119 comitatu
1857 1075 2218 1119 GLAMORGANCIE

263 1183 464 1223 yemman
486 1168 670 1210 salutem
690 1168 736 1210 in
759 1167 932 1210 domino
953 1168 1270 1224 sempiternam.

315 1258 533 1301 Noveritis
564 1272 632 1301 me
666 1258 883 1314 prefatum
925 1257 1224 1302 WILLELMUM
1266 1257 1423 1300 Tum
1463 1271 1539 1312 pro
1580 1271 1747 1300 summa
1787 1255 2074 1312 quadraginta
2119 1257 2212 1298 octo

263 1365 501 1392 marcarum
542 1350 846 1405 sterlingorum
887 1349 1014 1392 michi
1056 1365 1130 1405 per
1167 1348 1373 1391 THOMAM
1415 1348 1688 1391 STRADLYNG
1736 1349 1788 1390 de
1822 1347 1994 1390 SANCTO
2035 1347 2219 1388 Donno

265 1442 311 1483 in
343 1441 547 1484 comitatu
579 1441 767 1495 predicto
808 1441 1067 1497 armigerum
1099 1456 1173 1497 pre
1207 1440 1403 1483 manibus
1435 1441 1668 1483 solutarum
1699 1440 1814 1482 unde
1845 1439 1982 1481 fateor
2011 1438 2221 1494 meipsum

268 1532 533 1575 satisfactum
554 1535 597 1574 et
617 1535 866 1575 contentum
887 1532 977 1575 fore
998 1547 1073 1588 per
1093 1535 1308 1588 presentes
1328 1532 1535 1574 remisisse
1566 1531 1776 1573 relaxasse
1797 1533 1840 1573 et
1861 1530 2035 1573 omnino
2056 1543 2132 1585 pro
2152 1543 2220 1571 me

266 1628 308 1666 et
328 1623 555 1666 heredibus
576 1623 681 1665 meis
700 1623 1016 1679 imperpetuum
1037 1623 1230 1679 quietum
1252 1623 1452 1665 clamasse
1486 1621 1654 1678 prefato
1683 1621 1850 1664 ΤΗΟΜΕ
1876 1620 2146 1663 STRADLYNG
2176 1619 2223 1662 in

269 1729 344 1757 sua
365 1715 491 1771 plena
513 1717 555 1756 et
577 1714 749 1770 pacifica
769 1714 1026 1770 possessione
1047 1714 1247 1756 existenti
1263 1712 1488 1756 heredibus
1505 1719 1546 1754 ct
1563 1712 1789 1768 assignatis
1804 1711 1890 1754 suis
1906 1711 2219 1767 imperpetuum

267 1809 405 1847 totum
436 1805 507 1860 jus
538 1820 682 1847 meum
711 1805 889 1847 titulum
925 1807 1083 1847 statum
1125 1805 1334 1846 olameum
1375 1804 1574 1846 interesse
1610 1818 1682 1845 seu
1719 1803 1975 1845 demandam
2007 1816 2102 1844 mea
2137 1816 2218 1857 que

266 1911 456 1952 unquam
483 1895 612 1938 habui
645 1895 778 1938 habeo
810 1911 883 1938 seu
913 1896 957 1937 in
986 1895 1135 1937 futuro
1166 1894 1320 1938 habere
1350 1898 1495 1949 potero
1527 1895 1580 1936 de
1610 1897 1652 1936 et
1682 1894 1727 1935 in
1758 1893 1859 1936 totis
1879 1893 1965 1934 illis
1985 1892 2219 1948 messuagis

267 1986 377 2029 tofto
400 1986 580 2043 gardino
601 1986 723 2028 terris
745 1987 999 2028 tenementis
1021 1986 1153 2040 pratis
1173 1985 1339 2040 pascuis
1369 1985 1552 2040 pasturis
1582 1984 1704 2026 bosco
1736 1982 1950 2025 subboscis
1981 1982 2218 2025 redditibus

269 2076 579 2120 revercionibus
612 2080 654 2119 et
688 2077 872 2119 serviciis
908 2091 1005 2118 cum
1042 2075 1239 2119 omnibus
1275 2079 1317 2117 et
1353 2075 1534 2131 singulis
1566 2075 1651 2117 suis
1679 2074 1951 2130 pertinenciis
1986 2073 2220 2130 vulgariter

270 2168 527 2224 nuncupatis
551 2167 729 2210 SYGENS
752 2182 900 2209 LANDE
930 2166 1170 2223 jacentibus
1191 2166 1236 2208 in
1269 2167 1441 2207 SANCTA
1473 2165 1675 2208 BRIGIDA
1706 2165 1894 2220 predicta
1924 2164 2090 2206 situatis
2109 2164 2221 2206 inter

268 2265 426 2302 terram
448 2259 616 2302 ΤΗΟΜΕ
638 2258 909 2301 STRADLYNG
930 2258 1108 2314 predicti
1130 2257 1330 2313 armigeri
1351 2272 1402 2298 ex
1424 2260 1543 2312 parte
1565 2256 1760 2298 orientali
1791 2261 1833 2297 et
1863 2259 2020 2297 terram
2051 2254 2218 2297 ΤΗΟΜΕ

269 2365 323 2405 ap
360 2349 389 2392 J
392 2364 485 2391 OHN
521 2350 573 2391 de
617 2349 816 2391 BRYGAM
857 2348 1049 2405 generosi
1089 2364 1141 2390 ex
1180 2347 1372 2403 partibus
1413 2347 1663 2389 occidentali
1698 2350 1741 2388 et
1782 2346 1939 2388 boreali
1979 2348 2022 2387 et
2060 2348 2218 2387 terram

269 2441 494 2483 EDWARDI
526 2455 579 2496 ap
612 2440 737 2482 JOHN
768 2441 821 2482 de
852 2439 1152 2482 CLEMENSTON
1185 2439 1377 2494 generosi
1408 2453 1459 2479 ex
1489 2442 1609 2493 parte
1640 2437 1829 2479 australi.
1893 2435 1964 2478 Ita
1985 2451 2083 2478 vero
2103 2436 2217 2491 quod

268 2547 345 2573 nec
366 2546 445 2587 ego
466 2531 657 2586 prefatus
677 2530 963 2574 WILLELMUS
984 2530 1139 2572 'rma
1160 2545 1236 2571 nec
1251 2529 1425 2571 heredes
1446 2529 1528 2570 mei
1547 2543 1623 2570 nec
1644 2527 1797 2583 aliquis
1817 2528 1926 2569 alius
1946 2541 2020 2582 per
2040 2541 2108 2569 me
2129 2527 2218 2569 viee

272 2638 345 2665 seu
366 2623 536 2664 nomine
557 2637 651 2664 meo
673 2622 846 2677 aliquod
867 2622 937 2677 jus
957 2621 1133 2663 titulum
1157 2621 1366 2662 clameum
1396 2620 1596 2661 interesse
1628 2633 1701 2660 seu
1732 2618 1987 2659 demandam
2017 2619 2069 2660 de
2100 2620 2143 2659 et
2171 2618 2217 2659 in

274 2713 472 2768 predictis
496 2712 735 2768 messuagio
756 2712 866 2754 tofto
887 2718 930 2753 et
951 2713 1097 2754 ceteris
1117 2711 1331 2767 premissis
1361 2725 1457 2753 cum
1487 2709 1758 2766 pertinenciis
1786 2723 1862 2750 nec
1884 2708 1930 2750 in
1956 2708 2099 2764 aliqua
2118 2707 2218 2750 inde

272 2803 456 2858 parcella
476 2804 665 2844 deeetero
685 2803 855 2858 exigere
875 2803 1056 2844 clamare
1081 2803 1336 2844 demandare
1358 2817 1430 2843 seu
1448 2801 1668 2842 vendicare
1683 2799 1914 2854 poterimus
1930 2813 2006 2840 nec
2019 2798 2218 2840 debemus

275 2895 320 2935 in
341 2893 487 2936 futuro
509 2894 581 2935 sed
602 2893 656 2935 ab
678 2894 794 2935 omni
815 2893 978 2935 actione
999 2893 1094 2948 jure
1116 2893 1242 2934 titulo
1259 2896 1374 2934 statu
1394 2892 1553 2934 clameo
1573 2876 1773 2932 interesse
1794 2905 1867 2932 seu
1887 2890 2098 2931 demanda
2118 2889 2218 2931 inde

276 2998 418 3025 sumus
458 2983 628 3038 penitus
668 2983 826 3026 exclusi
865 2983 1178 3039 imperpetuum
1222 2998 1297 3037 per
1341 2987 1567 3038 presentes.
1649 2981 1709 3022 Et
1749 2995 1828 3036 ego
1868 2994 1966 3022 vero
2005 2980 2219 3036 predictus
