2362 3392
324 212 346 253 1
357 211 441 252 886

263 417 522 459 warantizat.
583 416 644 458 Et
674 430 798 471 super
822 414 902 457 hoc
927 413 1142 469 predictus
1170 412 1199 454 J
1202 426 1412 454 oHANNES
1441 411 1750 454 TWRBERVILE
1772 413 1878 468 petit
1900 427 2044 454 versus
2071 412 2212 467 ipsum

265 507 518 550 ROBERTUM
539 506 568 549 J
571 521 660 548 AYN
683 506 800 548 Dwy
821 508 1040 546 tenentem
1070 518 1145 559 per
1173 502 1424 544 warantiam
1456 517 1575 544 suam
1602 503 1750 544 eadem
1777 503 1968 545 maneria
1995 517 2090 544 cum
2119 517 2212 558 per-

263 598 469 649 tinentiis,
491 596 675 652 exceptis
695 594 969 651 preexceptis‚
992 594 1037 635 in
1065 593 1203 635 forma
1236 592 1436 647 predicta,
1460 595 1502 633 et
1533 595 1681 634 cetera.
1744 591 1804 634 Et
1835 593 1948 634 unde
1976 593 2078 634 dicit
2100 593 2213 648 quod

262 688 440 744 ipsemet
462 688 548 729 fuit
578 686 743 729 seisitus
773 686 825 728 de
852 685 1052 728 maneriis
1074 683 1272 740 predictis
1293 697 1390 724 cum
1417 682 1698 737 pertinentiis,
1723 683 1908 738 exceptis
1937 683 2210 739 preexceptis‚

260 780 306 821 in
328 780 540 821 dominico
567 793 642 820 suo
669 781 718 819 ut
745 778 796 819 de
824 777 949 818 feodo
975 781 1016 817 et
1043 775 1152 830 jure,
1174 778 1363 829 tempore
1389 774 1514 828 pacis,
1538 777 1726 828 tempore
1749 773 1910 815 domini
1945 773 2075 830 Regis
2095 789 2209 816 nunc

264 870 466 926 capiendo
487 870 586 911 inde
602 867 813 924 explecias
826 867 879 909 ad
902 866 1150 916 valenciam,
1174 867 1216 906 et
1244 868 1392 906 cetera.
1455 863 1515 905 Et
1540 864 1585 904 in
1611 879 1707 919 que,
1729 868 1770 906 et
1797 870 1944 906 cetera.
2008 864 2067 907 Et·
2113 865 2214 908 inde

257 960 452 1016 producit
486 966 654 1011 sectam,
690 963 731 1001 et
764 962 912 1000 cetera.
988 955 1047 998 Et
1087 955 1299 1011 predictus
1342 954 1579 997 Rogamus
1621 953 1648 995 J
1655 969 1741 996 AYN
1783 955 1901 997 DWY
1942 960 2090 997 tenens
2129 971 2204 1011 per

256 1051 505 1093 warantiam
536 1065 656 1092 suam
686 1048 877 1091 defendit
897 1047 967 1103 jus
998 1061 1122 1088 suum
1143 1047 1327 1102 quando,
1350 1049 1392 1087 et
1414 1050 1561 1087 cetera.
1624 1045 1684 1087 Et
1714 1046 1816 1087 dicit
1848 1047 1961 1101 quod
1992 1046 2205 1100 predictus

260 1142 438 1184 PETRUs
471 1141 595 1184 Com
628 1155 715 1182 non
749 1138 974 1181 disseisivit
1008 1137 1246 1193 predictum
1285 1136 1313 1179 J
1317 1151 1527 1178 OHANNES
1569 1135 1869 1178 TURBERVILE
1912 1138 1964 1178 de
2015 1138 2214 1179 maneriis

259 1234 458 1289 predictis
494 1247 590 1275 cum
630 1230 899 1288 pertinentiis
943 1232 1069 1285 prout
1111 1229 1225 1270 idem
1274 1226 1516 1270 JOHANNES
1558 1227 1856 1269 TURBERVILE
1898 1242 1972 1282 per
2005 1227 2129 1269 breve
2171 1231 2213 1269 et

258 1325 502 1367 narracione
524 1338 598 1365 sua
620 1322 809 1378 predicta
842 1320 1032 1376 superius
1060 1319 1273 1375 supponit.
1298 1324 1339 1360 et
1369 1319 1419 1360 de
1441 1318 1520 1360 hoc
1541 1318 1662 1373 ponit
1684 1333 1725 1360 se
1752 1333 1877 1373 super
1899 1318 2091 1373 patriam.
2154 1317 2215 1360 Et

257 1415 471 1470 predictus
507 1413 536 1456 J
539 1426 749 1455 OHANNES
774 1410 1085 1453 TWRBERVILE
1118 1409 1226 1464 petit
1258 1409 1477 1450 licenciam
1505 1408 1823 1463 interloquendi
1849 1412 1890 1450 et
1926 1408 2091 1450 habeat.
2155 1408 2214 1451 Et

258 1512 403 1561 postea
432 1505 510 1546 iste
542 1505 688 1546 eodem
719 1503 787 1545 die
818 1501 953 1544 LUNE
983 1500 1175 1556 proximo
1206 1504 1300 1555 post
1321 1499 1480 1541 festum
1511 1498 1657 1541 Sancti
1689 1498 1950 1541 MICHAELIS
1971 1500 2214 1556 archangeli

258 1612 371 1638 anno
401 1596 523 1652 regni
554 1595 689 1651 Regis
722 1593 927 1636 HENRICI
959 1607 1072 1633 nunc
1104 1591 1300 1633 vicesimo
1333 1596 1467 1641 sexto,
1491 1589 1616 1631 Idem
1648 1590 1677 1631 J
1680 1604 1891 1631 OHANNES
1915 1589 2213 1632 TURBERVILE

258 1687 422 1730 revenit
442 1687 510 1728 hic
531 1687 576 1728 in
598 1686 712 1728 curia
733 1686 777 1726 in
800 1684 969 1740 propria
992 1697 1169 1738 persona
1191 1697 1277 1723 sua.
1341 1681 1399 1722 Et
1428 1681 1640 1736 predictus
1670 1681 1911 1723 ROBERTUS
1946 1681 1975 1724 J
1978 1696 2068 1723 AYN
2097 1682 2215 1724 DwY

257 1782 406 1821 tenens
428 1793 500 1833 per
521 1776 773 1818 warantiam
794 1789 914 1817 suam
936 1774 1032 1815 licet
1055 1773 1297 1814 solemniter
1319 1776 1491 1813 exactus
1512 1786 1599 1813 non
1620 1771 1784 1813 revenit
1807 1772 1879 1812 sed
1900 1771 1942 1812 in
1968 1776 2213 1828 contemptu

258 1870 371 1911 curie
402 1868 566 1911 recessit
599 1875 640 1909 ct
673 1866 883 1908 defaltum
913 1865 1026 1906 fecit.
1091 1863 1195 1905 Ideo
1226 1876 1465 1905 concessum
1494 1866 1555 1903 est
1587 1863 1700 1917 quod
1731 1863 1943 1916 predictus
1974 1862 2003 1905 J
2005 1877 2214 1905 OHANNES

260 1959 559 2002 TURBERVILE
581 1960 799 2012 recuperet
823 1956 1020 1997 seisinam
1052 1969 1172 1997 suam
1193 1968 1337 1995 versus
1363 1952 1578 2008 prefatum
1596 1952 1861 1994 Pmmppon
1892 1956 1934 1994 et
1958 1952 1987 1995 J
1990 1967 2215 1995 OHANNEM

260 2050 502 2093 CRADOCKE
531 2050 582 2090 de
610 2047 811 2089 maneriis
832 2046 1032 2101 predictis
1055 2060 1150 2087 cum
1173 2045 1453 2100 pertinentiis,
1477 2044 1662 2099 exceptis
1685 2043 1957 2099 preexceptis.
2020 2044 2079 2086 Et
2101 2046 2214 2100 quod

261 2143 376 2184 idem
426 2140 677 2182 Pmmppus
717 2142 759 2180 et
801 2137 1043 2180 JOHANNES
1085 2136 1326 2177 CRADOCKE
1373 2134 1559 2176 habeant
1600 2135 1651 2175 de
1693 2134 1815 2175 terris
1856 2135 2034 2189 predicti
2085 2135 2215 2178 REsn

264 2233 526 2275 MAWNCELL
555 2232 609 2272 ad
636 2229 883 2279 valenciam,
907 2232 948 2270 et
971 2235 1120 2270 cetera.
1185 2226 1242 2268 Et
1273 2226 1387 2267 idem
1416 2225 1652 2267 ROBERTUS
1684 2224 1805 2266 JAYN
1835 2225 1952 2267 DwY
1980 2226 2025 2267 in
2056 2226 2217 2268 miseri-

264 2323 417 2366 cordia.
481 2321 665 2364 GroWER.
725 2318 900 2361 Attorn'
922 2318 1076 2374 recept'
1101 2331 1240 2360 coram
1269 2315 1528 2359 annmro
1555 2330 1607 2370 ap
1647 2315 1737 2357 RES
1768 2315 1913 2357 me
1940 2320 1982 2358 et
2010 2316 2215 2359 HopmN’

268 2414 458 2456 'Paomis
507 2410 893 2454 locumtenentibus
945 2409 1139 2452 GEORGH
1182 2407 1409 2449 HERBERT
1461 2406 1678 2448 senescalli
1720 2406 1920 2457 Gowmz',
1963 2408 2017 2448 ad
2057 2408 2216 2449 curiam

267 2509 430 2548 tentam
478 2504 590 2559 apud
628 2502 886 2552 SEWENSEY,
925 2501 1104 2555 septimo
1141 2500 1208 2541 die
1241 2497 1501 2553 Septembris
1536 2512 1648 2539 anno
1683 2498 1806 2552 regni
1844 2497 1977 2553 Regis
2012 2497 2216 2541 HENR101

269 2596 405 2639 octavi
426 2595 622 2636 vicesimo
644 2597 773 2635 sexto.
837 2591 1020 2634 GOWER.
1084 2590 1332 2632 Pmmppns
1357 2589 1614 2631 MAUNCELL
1636 2593 1677 2630 et
1707 2588 1737 2631 J
1739 2603 1950 2630 OHANNES
1979 2589 2218 2632 ORADOCKE

265 2690 430 2743 ponunt
466 2687 555 2726 loco
588 2699 662 2726 suo
694 2684 952 2726 JANKYNUM
988 2681 1303 2723 FRANGKELEN
1341 2694 1484 2721 versus
1517 2679 1775 2720 JOHANNEM
1812 2678 2121 2722 TWRBERVILE
2163 2682 2215 2723 de

271 2779 426 2836 placito
456 2781 579 2818 terre.
642 2775 825 2818 GOWER.
888 2774 1054 2816 Rsssms
1078 2772 1344 2814 MAWNCELL
1374 2771 1494 2812 miles
1528 2785 1655 2826 quem
1678 2770 1929 2812 Pmmppns
1950 2770 2217 2813 MAWNCELL

272 2875 313 2911 et
335 2869 363 2912 J
367 2882 575 2910 OHANNES
597 2866 837 2909 GRADOCKE
855 2869 975 2907 vocat
995 2865 1049 2906 ad
1070 2863 1344 2906 warantizam
1373 2866 1414 2903 et
1450 2861 1523 2916 qui
1546 2861 1604 2903 eis
1622 2861 1869 2902 warantizat
1890 2861 2011 2915 ponit
2031 2862 2121 2903 loco
2142 2877 2216 2905 suo

276 2960 542 3001 PHILIPPUM
557 2957 799 2999 GREFITHE
817 2970 960 2997 versus
990 2955 1226 3010 predictum
1248 2953 1275 2995 J
1279 2966 1505 2994 OHANNEM
1527 2950 1838 2993 TWRBERVILE
1855 2951 1899 2992 in
1921 2952 2077 3006 placito
2098 2958 2219 2995 terre.
