2362 3392
1888 218 1999 260 1659

109 408 304 451 dedimus
334 409 612 451 concessimus
642 411 684 451 et
713 424 789 464 pro
819 409 941 452 nobis
971 411 1014 452 et
1042 408 1269 452 heredibus
1303 408 1458 451 nostris
1486 423 1562 464 per
1590 411 1804 464 presentes
1834 409 1985 450 damus
2015 410 2059 450 et

108 498 376 541 concedimus
396 499 535 541 eidem
556 499 744 542 ROGERO
765 501 1053 557 quadraginta
1083 499 1302 556 mesuagia
1331 500 1535 542 ducentas
1565 514 1681 541 acras
1710 501 1821 540 terre
1853 499 2056 541 ducentas

110 604 227 631 acras
258 591 430 644 pasture
463 592 505 632 et
546 590 750 632 ducentas
789 606 905 633 acras
944 590 1095 633 bruere
1135 605 1232 633 cum
1271 589 1541 646 pertinentiis
1579 590 1625 631 in
1667 588 1836 631 GOWER
1873 588 2059 631 KILVEY

109 679 387 722 SWAYNESEY
428 683 470 722 et
509 680 555 722 in
583 680 781 735 parochia
812 682 864 723 de
897 681 1321 723 LLANGEVEYWAGH
1355 680 1402 722 in
1441 679 1635 736 partibus
1663 679 1860 723 WALLIE
1892 694 2057 721 necnon

111 771 253 813 omnia
283 771 367 813 alia
396 773 530 814 terras
559 774 804 814 tenementa
833 772 1024 814 redditus
1054 771 1312 814 reversiones
1341 771 1618 827 possessiones
1647 773 1691 813 et
1719 770 2059 812 hereditamenta

108 862 154 904 in
176 862 373 906 WALLIA
394 878 476 918 que
496 877 632 918 nuper
652 863 828 905 suerunt
850 862 1072 905 HOPKYNI
1094 878 1148 918 ap
1170 862 1294 905 REEs
1314 877 1367 918 ap
1399 861 1631 904 HOPKYN'.
1694 861 1755 903 Et
1785 876 1866 916 que
1895 860 2060 903 ratione

107 952 376 995 forisfacture
395 953 529 1009 ipsius
545 953 768 995 HOPKYNI
790 969 837 996 ac
857 954 1016 996 virtute
1033 956 1150 995 actus
1170 953 1349 1009 predicti
1370 953 1424 995 ad
1444 967 1597 995 manus
1616 955 1781 994 nostras
1796 953 2061 993 devenerunt

106 1057 181 1085 seu
201 1043 399 1086 devenire
429 1043 643 1086 deberent.
707 1043 973 1086 Habendum
995 1047 1036 1085 et
1058 1044 1292 1086 tenendum
1319 1043 1462 1086 omnia
1491 1043 1680 1098 predicta
1710 1042 1900 1084 maneria
1928 1044 2062 1084 terras

106 1137 349 1177 tenementa
370 1137 412 1177 et
426 1138 563 1177 cetera
582 1136 785 1191 premissa
801 1135 967 1191 prefato
990 1135 1177 1177 Roomm
1193 1137 1236 1177 et
1257 1134 1483 1177 heredibus
1499 1134 1585 1176 suis
1600 1133 1797 1176 masculis
1817 1134 1870 1175 de
1891 1147 2062 1188 corpore

108 1240 182 1268 suo
202 1226 395 1282 legitime
415 1226 644 1282 procreatis
664 1227 717 1268 de
736 1226 860 1268 nobis
881 1228 924 1268 et
944 1225 1171 1268 heredibus
1191 1225 1347 1268 nostris
1367 1240 1442 1281 per
1470 1225 1664 1267 redditus
1693 1227 1737 1267 et
1766 1224 1941 1267 servicia
1960 1223 2062 1266 inde

109 1315 253 1358 debita
274 1319 316 1358 et
337 1320 536 1359 consueta
555 1332 741 1360 unacum
762 1316 960 1359 omnibus
980 1317 1112 1358 firmis
1132 1316 1369 1358 redditibus
1388 1316 1585 1371 proficuis
1605 1318 1648 1358 et
1667 1314 1988 1358 revencionibus
2008 1315 2062 1357 de

109 1407 305 1450 omnibus
334 1408 548 1463 premissis
577 1411 621 1450 et
650 1423 797 1450 eorum
826 1408 1017 1463 quolibet
1048 1408 1396 1462 provenientibus
1426 1407 1512 1449 sive
1543 1406 1823 1449 crescentibus
1852 1421 1878 1448 a
1908 1407 2061 1461 quarto

107 1498 177 1540 die
207 1498 362 1541 Marcii
391 1514 505 1542 anno
534 1499 659 1555 regni
689 1499 823 1541 nostri
853 1499 990 1554 primo
1022 1513 1155 1554 usque
1176 1499 1290 1540 diem
1321 1498 1528 1554 presentis
1548 1497 1823 1540 concessionis
1843 1499 1986 1539 nostre
2018 1499 2061 1539 et

109 1604 190 1644 que
210 1589 332 1632 nobis
353 1590 388 1634 si
408 1605 579 1646 presens
599 1590 808 1632 concessio
838 1592 983 1632 nostra
1013 1589 1128 1632 facta
1157 1605 1244 1632 non
1275 1589 1425 1631 fuisset
1454 1589 1718 1645 pertinerent
1747 1603 1821 1630 seu
1850 1586 2063 1643 pertinere

105 1679 308 1722 deberent
339 1695 508 1736 quoquo
545 1681 683 1723 modo.
761 1680 828 1723 Eo
862 1681 977 1736 quod
1009 1695 1205 1735 expressa
1238 1680 1402 1722 mencio
1433 1681 1485 1721 de
1510 1694 1609 1721 vero
1636 1679 1778 1721 valore
1814 1693 1958 1720 annuo
1989 1693 2063 1720 seu

106 1771 250 1827 aliquo
271 1771 355 1814 alio
375 1771 518 1814 valore
539 1772 840 1827 premissorum
862 1787 939 1814 1100
960 1772 1013 1813 de
1034 1770 1249 1826 aliquibus
1269 1771 1363 1813 aliis
1394 1770 1517 1812 donis
1546 1773 1589 1812 et
1619 1768 1955 1812 concessionibus
1985 1783 2060 1824 per

107 1877 183 1904 nos
204 1877 278 1904 seu
298 1862 485 1918 aliquem
506 1863 829 1919 progenitorum
851 1878 924 1905 seu
943 1863 1284 1918 predecessorum
1305 1866 1545 1904 nostrorum
1565 1861 1730 1917 prefato
1752 1860 1939 1903 ROGERO
1960 1862 2061 1902 ante

105 1952 183 1995 hec
202 1956 394 2009 tempora
414 1954 539 1996 factis
558 1954 605 1996 in
626 1953 892 2009 presentibus
924 1953 1037 1996 facta
1057 1968 1145 1995 non
1166 1953 1311 1996 existit
1332 1968 1409 1995 nec
1431 1953 1573 2007 aliquo
1595 1954 1756 1994 statuto
1772 1954 1870 1994 actu
1891 1951 2059 1993 ordina-

109 2043 227 2086 cione
247 2044 485 2099 provisione
507 2045 594 2087 sive
614 2044 881 2087 restriccione
901 2048 1001 2086 ante
1021 2044 1098 2086 hec
1119 2047 1310 2100 tempora
1339 2043 1454 2086 facta
1483 2044 1529 2085 in
1560 2043 1702 2098 aliquo
1733 2057 1820 2084 non
1850 2041 2056 2085 obst-ante.

105 2133 162 2176 In
183 2134 318 2190 cujus,
341 2137 418 2177 etc.
481 2134 607 2177 Teste
628 2135 750 2192 Rege
771 2136 885 2191 apud
907 2134 1370 2178 WESTMONASTERIUM
1392 2149 1527 2177 xan.
1551 2134 1620 2176 die
1641 2133 1805 2175 Marcii.

165 2224 248 2267 Per
268 2224 409 2280 ipsum
431 2225 598 2282 Regem
619 2229 661 2268 et
681 2227 734 2268 de
755 2227 870 2277 data,
894 2228 970 2268 010.

863 2299 912 2329 011
936 2299 1069 2338 margin,
1092 2298 1298 2328 ‘extractus’
