2362 3392
304 247 416 289 1646

299 453 373 495 Ad
405 452 622 496 ecclesiam
654 451 937 507 parochialem
969 449 1122 492 Sancte
1153 449 1312 491 MARIE
1334 449 1386 491 de
1407 449 1573 492 AVENE
1603 448 1695 505 jam
1725 451 1946 491 vacantem
1973 449 2029 490 ad
2058 461 2188 504 quam

241 559 318 599 per
347 543 551 586 ΤΗΟΜΑΜ
591 541 788 584 abbatem
824 541 1069 584 monasterii
1102 539 1246 597 [beate
1275 539 1463 596 M]ARIE
1485 541 1538 583 de
1563 540 1763 582 Momm
1795 540 1896 582 olim
1926 542 1969 582 et
1997 540 2190 596 ejusdem

241 634 320 676 loci
350 636 605 676 conventum
634 635 901 689 presentatus
931 631 1076 674 existis
1096 634 1139 673 te
1160 630 1365 673 vicarium
1394 634 1650 686 perpetuum
1681 626 1946 673 instituimus
1975 630 2021 673 in
2042 631 2190 672 eadem

241 739 337 766 cum
368 724 564 767 omnibus
597 724 684 766 suis
715 722 882 779 juribus
912 725 955 765 et
981 721 1251 778 pertinentiis
1285 721 1492 763 universis
1522 721 1619 776 jure
1649 726 1692 764 et
1721 722 1934 779 dignitate
1962 721 2117 764 nostris
2146 724 2190 764 et

239 816 407 858 ecclesie
441 815 762 858 LANDAVENS1S
800 814 847 856 in
883 813 1082 856 omnibus
1121 827 1285 868 semper
1325 811 1463 854 salvis.
1543 811 1600 854 In
1639 813 1762 869 cujus
1794 813 1856 855 rei
1895 812 2187 855 testimonium

239 907 428 962 sigillum
459 910 652 949 nostrum
684 904 949 961 presentibus
981 907 1044 947 est
1077 918 1324 960 appensum.

294 997 458 1040 Datum
489 997 753 1039 BRISTOLLAE
784 1003 872 1039 xx0·
899 996 968 1039 die
991 996 1156 1052 Aprilis
1186 1010 1299 1038 anno
1321 994 1483 1037 domini
1513 994 1738 1037 millesimo
1768 994 2187 1050 quadringentesimo

235 1089 495 1145 sexagesimo
527 1091 568 1130 et
603 1092 744 1130 nostre
775 1087 1101 1130 consecrationis
1133 1101 1245 1129 anno
1278 1086 1474 1128 secundo.

291 1180 588 1223 Endorsed—‘
603 1180 729 1222 Aven
766 1178 991 1222 Churche)

891 1269 938 1306 (1)
982 1268 1050 1298 The
1065 1277 1158 1298 name
1173 1272 1267 1297 eaten
1287 1276 1380 1306 away
1396 1268 1438 1305 by
1457 1271 1534 1296 rats.

289 1343 377 1373 John
400 1343 551 1381 Eundem,
576 1343 666 1372 Prior
690 1344 723 1372 of
752 1342 867 1380 King's
890 1342 1047 1381 Langley,
1070 1342 1178 1379 Herts,
1206 1341 1382 1379 appointed
1412 1347 1446 1370 to
1473 1340 1627 1369 Llandaff
1653 1340 1729 1369 ‘25th
1754 1341 1896 1378 August,
1921 1341 2006 1377 1458,
2028 1340 2175 1378 resigned

242 1400 352 1429 before
378 1400 463 1428 1476.

1112 1569 1318 1614 MCCIV.

231 1680 524 1723 EXTRAGT
565 1679 740 1722 FROM
781 1678 911 1722 THE
954 1677 1359 1725 INQUISITION
1400 1676 1548 1719 POST
1591 1676 1862 1719 MORTEM
1906 1676 1984 1719 OF
2017 1676 2186 1720 JOHN

375 1771 717 1823 MOWBRAY,
755 1769 936 1813 DUKE
972 1769 1049 1812 OF
1085 1767 1402 1820 NORFOLK,
1441 1766 1850 1811 CONCERNING
1883 1767 2186 1812 SWANSEA

377 1863 510 1906 AND
553 1862 794 1907 GOWER.

679 1962 800 2019 [INQ.
824 1977 863 2003 P.
888 1976 1037 2013 mom„
1063 1963 1084 2002 l
1109 1960 1238 2002 Enw.
1263 1959 1360 2011 IV.‚
1383 1959 1468 2001 No.
1492 1960 1561 2011 46,
1584 1973 1631 2001 M.
1657 1957 1748 2015 12]

1381 2067 1433 2107 12
1460 2065 1582 2108 Mn.
1645 2067 1671 2107 2
1703 2065 1830 2108 Enw.
1856 2065 1938 2109 IV.
2003 2067 2125 2108 1462.

291 2178 520 2234 Inquisitio
551 2180 673 2233 capta
703 2177 818 2232 apud
848 2175 1127 2218 LEMYNSTRE
1158 2175 1202 2216 in
1235 2173 1441 2215 comitatu
1471 2172 1778 2214 HEREFORDIE
1823 2173 2071 2216 duodecimo
2115 2174 2186 2216 die

235 2269 389 2312 mensis
410 2269 519 2311 Maii
539 2284 651 2310 anno
671 2268 794 2324 regni
816 2267 949 2323 Regis
969 2266 1195 2308 EDWARDI
1218 2265 1357 2320 quarti
1382 2265 1577 2306 secundo.

293 2392 609 2402 ..........
627 2359 701 2414 qui
722 2359 896 2401 dicunt.
923 2392 930 2399 .
957 2392 965 2399 .
992 2391 999 2398 .
1024 2358 1137 2413 quod
1159 2356 1188 2398 J
1191 2370 1400 2397 OHANNES
1421 2369 1557 2410 nuper
1578 2356 1665 2396 dux
1686 2354 2012 2397 NoRFFOLch
2035 2390 2044 2398 .
2069 2391 2078 2399 .
2104 2391 2112 2398 .
2137 2391 2146 2399 .
2172 2390 2180 2398 .

235 2452 374 2494 tenuit
398 2483 714 2493 ..........
739 2452 924 2491 castrum
946 2452 986 2490 et
1014 2447 1251 2489 manerium
1278 2447 1329 2488 de
1362 2446 1610 2488 SWAYNSEY
1632 2460 1678 2487 ac
1708 2448 1840 2487 terras
1860 2448 1901 2488 et
1922 2446 2111 2488 dominia
2131 2447 2184 2489 de

240 2542 411 2585 GOWER
432 2546 474 2584 et
504 2541 698 2583 KYLVEY
729 2555 825 2582 cum
855 2538 1123 2595 pertinentiis
1155 2537 1316 2592 except'
1341 2536 1579 2578 dominium
1609 2536 1847 2578 manerium
1868 2539 1910 2578 et
1939 2535 2113 2578 feodum
2133 2537 2184 2579 de

240 2633 529 2675 LANDYMERE
566 2646 661 2673 eum
702 2631 786 2673 suis
826 2629 1094 2687 pertinentiis
1129 2628 1243 2670 infra
1283 2627 1520 2669 dominium
1560 2628 1613 2668 de
1655 2625 1825 2668 Gowmz
1863 2627 2101 2681 predictum
2141 2631 2184 2670 et

237 2725 417 2780 triginta
448 2726 629 2778 quatuor
660 2737 776 2764 acras
805 2724 914 2763 terre
945 2719 1115 2762 arabilis
1146 2723 1187 2760 et
1219 2734 1291 2760 sex
1321 2733 1436 2760 acras
1475 2717 1587 2772 prati
1622 2717 1667 2758 in
1704 2717 2039 2759 OYSTERMOUTH
2069 2718 2183 2761 infra

238 2814 476 2857 dominium
497 2814 549 2854 (le
580 2812 752 2855 Gowssn
782 2812 1020 2867 predictum
1048 2826 1100 2851 ex
1131 2811 1241 2851 dono
1273 2816 1314 2850 et
1346 2808 1608 2850 concessione
1629 2807 1878 2851 WILLELMI
1901 2809 1951 2849 de
1974 2808 2182 2852 BREOUSE

241 2906 423 2948 ehivaler
445 2904 566 2946 factis
586 2904 794 2946 JOHANNI
816 2904 867 2944 de
887 2902 1118 2944 MOUBRAY
1139 2903 1191 2943 de
1227 2899 1474 2956 [Axnoffl]
1510 2898 1693 2940 ohivaler
1713 2901 1755 2939 et
1775 2897 1927 2939 ALINE
1948 2900 2091 2941 uxoris
2111 2915 2184 2943 sue

244 3002 285 3039 et
314 2994 540 3037 heredibus
562 2995 613 3036 de
635 2993 876 3049 corporibus
895 2993 1082 3048 ipsorum
1111 2991 1139 3034 J
1143 3005 1341 3033 OHANNIS
1372 2994 1413 3032 et
1437 2989 1590 3031 Ame
1612 2988 1864 3031 exeuntibus
1888 2989 2057 3042 virtute,
2091 2994 2184 3044 etc„
