<?xml version="1.0" encoding="UTF-8"?>
<!DOCTYPE html PUBLIC "-//W3C//DTD XHTML 1.0 Transitional//EN"
    "http://www.w3.org/TR/xhtml1/DTD/xhtml1-transitional.dtd">
<html xmlns="http://www.w3.org/1999/xhtml" xml:lang="en" lang="en">
 <head>
  <title>
</title>
<meta http-equiv="Content-Type" content="text/html;charset=utf-8" />
  <meta name='ocr-system' content='tesseract 3.04.00' />
  <meta name='ocr-capabilities' content='ocr_page ocr_carea ocr_par ocr_line ocrx_word'/>
</head>
<body>
  <div class='ocr_page' id='page_1' title='image "./cartaeetaliamuni05claruoft_0009.png"; bbox 0 0 2284 3465; ppageno 0'>
   <div class='ocr_carea' id='block_1_1' title="bbox 1862 146 1973 188">
    <p class='ocr_par' dir='ltr' id='par_1_1' title="bbox 1862 146 1973 188">
     <span class='ocr_line' id='line_1_1' title="bbox 1862 146 1973 188; baseline -0.009 0"><span class='ocrx_word' id='word_1_1' title='bbox 1862 146 1973 188; x_wconf 87' lang='lat'>1633</span> 
     </span>
    </p>
   </div>
   <div class='ocr_carea' id='block_1_2' title="bbox 947 644 1174 689">
    <p class='ocr_par' dir='ltr' id='par_1_2' title="bbox 947 644 1174 689">
     <span class='ocr_line' id='line_1_2' title="bbox 947 644 1174 689; baseline 0.009 -2"><span class='ocrx_word' id='word_1_2' title='bbox 947 644 1174 689; x_wconf 83' lang='lat' dir='ltr'><strong>MOXOV.</strong></span> 
     </span>
    </p>
   </div>
   <div class='ocr_carea' id='block_1_3' title="bbox 86 750 2032 1067">
    <p class='ocr_par' dir='ltr' id='par_1_3' title="bbox 86 750 2032 1067">
     <span class='ocr_line' id='line_1_3' title="bbox 86 750 2030 796; baseline -0.001 -1"><span class='ocrx_word' id='word_1_3' title='bbox 86 751 477 795; x_wconf 78' lang='lat' dir='ltr'>INSPEXJMUS</span> <span class='ocrx_word' id='word_1_4' title='bbox 539 751 625 794; x_wconf 83' lang='lat' dir='ltr'>BY</span> <span class='ocrx_word' id='word_1_5' title='bbox 705 751 933 795; x_wconf 76' lang='lat' dir='ltr'>HENRY</span> <span class='ocrx_word' id='word_1_6' title='bbox 1011 752 1094 796; x_wconf 87' lang='lat' dir='ltr'>VI.</span> <span class='ocrx_word' id='word_1_7' title='bbox 1176 752 1254 795; x_wconf 82' lang='lat' dir='ltr'>OF</span> <span class='ocrx_word' id='word_1_8' title='bbox 1342 751 1472 794; x_wconf 80' lang='lat' dir='ltr'>THE</span> <span class='ocrx_word' id='word_1_9' title='bbox 1549 750 1879 794; x_wconf 73' lang='lat' dir='ltr'>CHARTERs</span> <span class='ocrx_word' id='word_1_10' title='bbox 1951 751 2030 794; x_wconf 83' lang='lat' dir='ltr'>OF</span> 
     </span>
     <span class='ocr_line' id='line_1_4' title="bbox 236 842 2031 898; baseline -0.001 -13"><span class='ocrx_word' id='word_1_11' title='bbox 236 845 295 898; x_wconf 84' lang='lat'>(1)</span> <span class='ocrx_word' id='word_1_12' title='bbox 331 844 357 885; x_wconf 80' lang='lat'>2</span> <span class='ocrx_word' id='word_1_13' title='bbox 389 843 619 885; x_wconf 80' lang='lat' dir='ltr'>HENRY</span> <span class='ocrx_word' id='word_1_14' title='bbox 649 842 747 895; x_wconf 70' lang='lat' dir='ltr'>iv„</span> <span class='ocrx_word' id='word_1_15' title='bbox 779 844 838 898; x_wconf 83' lang='lat'>(2)</span> <span class='ocrx_word' id='word_1_16' title='bbox 875 844 929 885; x_wconf 80' lang='lat'>33</span> <span class='ocrx_word' id='word_1_17' title='bbox 961 842 1242 887; x_wconf 81' lang='lat' dir='ltr'><strong>EDWARD</strong></span> <span class='ocrx_word' id='word_1_18' title='bbox 1273 842 1380 895; x_wconf 67' lang='lat'>111„</span> <span class='ocrx_word' id='word_1_19' title='bbox 1401 842 1536 885; x_wconf 86' lang='lat' dir='ltr'>AND</span> <span class='ocrx_word' id='word_1_20' title='bbox 1572 842 1632 898; x_wconf 85' lang='lat'>(3)</span> <span class='ocrx_word' id='word_1_21' title='bbox 1669 843 1722 884; x_wconf 89' lang='lat'>17</span> <span class='ocrx_word' id='word_1_22' title='bbox 1753 842 2031 886; x_wconf 79' lang='lat' dir='ltr'><strong>EDWARD</strong></span> 
     </span>
     <span class='ocr_line' id='line_1_5' title="bbox 229 931 2032 985; baseline 0 -10"><span class='ocrx_word' id='word_1_23' title='bbox 229 933 311 985; x_wconf 78' lang='lat' dir='ltr'>IL,</span> <span class='ocrx_word' id='word_1_24' title='bbox 348 932 719 975; x_wconf 80' lang='lat' dir='ltr'>CONFIRMED</span> <span class='ocrx_word' id='word_1_25' title='bbox 761 933 847 976; x_wconf 84' lang='lat' dir='ltr'>BY</span> <span class='ocrx_word' id='word_1_26' title='bbox 883 933 1172 976; x_wconf 79' lang='lat' dir='ltr'><strong>RIOHARD</strong></span> <span class='ocrx_word' id='word_1_27' title='bbox 1210 933 1380 976; x_wconf 80' lang='lat' dir='ltr'><strong>EARL</strong></span> <span class='ocrx_word' id='word_1_28' title='bbox 1421 933 1499 975; x_wconf 85' lang='lat' dir='ltr'>OF</span> <span class='ocrx_word' id='word_1_29' title='bbox 1535 931 1858 976; x_wconf 78' lang='lat' dir='ltr'><strong>WARWIOK</strong></span> <span class='ocrx_word' id='word_1_30' title='bbox 1896 932 2032 976; x_wconf 82' lang='lat' dir='ltr'>AND</span> 
     </span>
     <span class='ocr_line' id='line_1_6' title="bbox 229 1023 1942 1067; baseline -0.001 -1"><span class='ocrx_word' id='word_1_31' title='bbox 229 1024 408 1066; x_wconf 84' lang='lat' dir='ltr'><strong>ANNE</strong></span> <span class='ocrx_word' id='word_1_32' title='bbox 456 1024 563 1066; x_wconf 79' lang='lat' dir='ltr'>His</span> <span class='ocrx_word' id='word_1_33' title='bbox 610 1024 778 1067; x_wconf 83' lang='lat' dir='ltr'>WIFE</span> <span class='ocrx_word' id='word_1_34' title='bbox 830 1024 905 1067; x_wconf 76' lang='lat' dir='ltr'>To</span> <span class='ocrx_word' id='word_1_35' title='bbox 957 1024 1087 1066; x_wconf 82' lang='lat' dir='ltr'>THE</span> <span class='ocrx_word' id='word_1_36' title='bbox 1134 1023 1489 1067; x_wconf 75' lang='lat' dir='ltr'>BUReEssEs</span> <span class='ocrx_word' id='word_1_37' title='bbox 1532 1023 1610 1066; x_wconf 80' lang='lat' dir='ltr'>OF</span> <span class='ocrx_word' id='word_1_38' title='bbox 1656 1023 1942 1066; x_wconf 80' lang='lat' dir='ltr'><strong>GARDIFF.</strong></span> 
     </span>
    </p>
   </div>
   <div class='ocr_carea' id='block_1_4' title="bbox 826 1130 1291 1188">
    <p class='ocr_par' dir='ltr' id='par_1_4' title="bbox 826 1130 1291 1188">
     <span class='ocr_line' id='line_1_7' title="bbox 826 1130 1291 1188; baseline 0 -15"><span class='ocrx_word' id='word_1_39' title='bbox 826 1131 1051 1188; x_wconf 80' lang='lat' dir='ltr'>[CARDIFF</span> <span class='ocrx_word' id='word_1_40' title='bbox 1084 1130 1291 1188; x_wconf 67' lang='lat' dir='ltr'>CASTLE]</span> 
     </span>
    </p>
   </div>
   <div class='ocr_carea' id='block_1_5' title="bbox 1122 1237 1970 1282">
    <p class='ocr_par' dir='ltr' id='par_1_5' title="bbox 1122 1237 1970 1282">
     <span class='ocr_line' id='line_1_8' title="bbox 1122 1237 1970 1282; baseline 0 -2"><span class='ocrx_word' id='word_1_41' title='bbox 1122 1239 1176 1280; x_wconf 78' lang='lat'>25</span> <span class='ocrx_word' id='word_1_42' title='bbox 1208 1238 1393 1280; x_wconf 76' lang='lat' dir='ltr'><strong>MARCH.</strong></span> <span class='ocrx_word' id='word_1_43' title='bbox 1456 1239 1508 1280; x_wconf 87' lang='grc'>31</span> <span class='ocrx_word' id='word_1_44' title='bbox 1543 1238 1667 1280; x_wconf 80' lang='grc' dir='ltr'>ΗΕΝ.</span> <span class='ocrx_word' id='word_1_45' title='bbox 1701 1237 1782 1282; x_wconf 91' lang='lat' dir='ltr'>VI.</span> <span class='ocrx_word' id='word_1_46' title='bbox 1847 1239 1970 1280; x_wconf 82' lang='lat'>1453.</span> 
     </span>
    </p>
   </div>
   <div class='ocr_carea' id='block_1_6' title="bbox 78 1345 2034 2763">
    <p class='ocr_par' dir='ltr' id='par_1_6' title="bbox 85 1345 2034 1493">
     <span class='ocr_line' id='line_1_9' title="bbox 143 1345 2034 1403; baseline 0 -15"><span class='ocrx_word' id='word_1_47' title='bbox 143 1347 384 1389; x_wconf 76' lang='lat' dir='ltr'>HEchus</span> <span class='ocrx_word' id='word_1_48' title='bbox 405 1347 489 1389; x_wconf 90' lang='lat' dir='ltr'>Dei</span> <span class='ocrx_word' id='word_1_49' title='bbox 510 1347 649 1403; x_wconf 86' lang='lat' dir='ltr'>gratia</span> <span class='ocrx_word' id='word_1_50' title='bbox 670 1346 766 1389; x_wconf 81' lang='lat' dir='ltr'>Rex</span> <span class='ocrx_word' id='word_1_51' title='bbox 786 1346 969 1388; x_wconf 71' lang='lat' dir='ltr'>ANGLIE</span> <span class='ocrx_word' id='word_1_52' title='bbox 992 1349 1033 1388; x_wconf 92' lang='lat' dir='ltr'>et</span> <span class='ocrx_word' id='word_1_53' title='bbox 1055 1346 1260 1388; x_wconf 62' lang='lat' dir='ltr'>Famem</span> <span class='ocrx_word' id='word_1_54' title='bbox 1281 1349 1324 1389; x_wconf 93' lang='lat' dir='ltr'>et</span> <span class='ocrx_word' id='word_1_55' title='bbox 1353 1346 1550 1388; x_wconf 90' lang='lat' dir='ltr'>dominus</span> <span class='ocrx_word' id='word_1_56' title='bbox 1575 1345 1815 1388; x_wconf 75' lang='lat' dir='ltr'><strong>HIBERNOE</strong></span> <span class='ocrx_word' id='word_1_57' title='bbox 1837 1345 2034 1388; x_wconf 84' lang='lat' dir='ltr'>omnibus</span> 
     </span>
     <span class='ocr_line' id='line_1_10' title="bbox 85 1437 1110 1493; baseline -0.001 -14"><span class='ocrx_word' id='word_1_58' title='bbox 85 1438 139 1479; x_wconf 87' lang='lat' dir='ltr'>ad</span> <span class='ocrx_word' id='word_1_59' title='bbox 160 1453 264 1493; x_wconf 91' lang='lat' dir='ltr'>quos</span> <span class='ocrx_word' id='word_1_60' title='bbox 285 1442 498 1493; x_wconf 75' lang='lat' dir='ltr'>presentes</span> <span class='ocrx_word' id='word_1_61' title='bbox 517 1437 639 1479; x_wconf 88' lang='lat' dir='ltr'>litere</span> <span class='ocrx_word' id='word_1_62' title='bbox 659 1437 899 1492; x_wconf 84' lang='lat' dir='ltr'>pervenerit</span> <span class='ocrx_word' id='word_1_63' title='bbox 919 1438 1110 1479; x_wconf 87' lang='lat' dir='ltr'>salutem.</span> 
     </span>
    </p>

    <p class='ocr_par' dir='ltr' id='par_1_7' title="bbox 84 1527 2029 1675">
     <span class='ocr_line' id='line_1_11' title="bbox 141 1527 2029 1584; baseline 0 -14"><span class='ocrx_word' id='word_1_64' title='bbox 141 1527 414 1583; x_wconf 79' lang='lat' dir='ltr'>Inspeximus</span> <span class='ocrx_word' id='word_1_65' title='bbox 443 1528 587 1570; x_wconf 82' lang='lat' dir='ltr'>literas</span> <span class='ocrx_word' id='word_1_66' title='bbox 621 1531 814 1583; x_wconf 87' lang='lat' dir='ltr'>patentes</span> <span class='ocrx_word' id='word_1_67' title='bbox 845 1528 1051 1570; x_wconf 70' lang='lat' dir='ltr'>HENmm</span> <span class='ocrx_word' id='word_1_68' title='bbox 1081 1543 1218 1584; x_wconf 87' lang='lat' dir='ltr'>nuper</span> <span class='ocrx_word' id='word_1_69' title='bbox 1248 1527 1382 1584; x_wconf 85' lang='lat' dir='ltr'>Regis</span> <span class='ocrx_word' id='word_1_70' title='bbox 1413 1528 1595 1569; x_wconf 77' lang='lat' dir='ltr'>ANGLOE</span> <span class='ocrx_word' id='word_1_71' title='bbox 1626 1532 1720 1583; x_wconf 89' lang='lat' dir='ltr'>post</span> <span class='ocrx_word' id='word_1_72' title='bbox 1753 1531 2029 1583; x_wconf 87' lang='lat' dir='ltr'>conquestum</span> 
     </span>
     <span class='ocr_line' id='line_1_12' title="bbox 84 1617 1446 1675; baseline 0 -15"><span class='ocrx_word' id='word_1_73' title='bbox 84 1619 225 1674; x_wconf 88' lang='lat' dir='ltr'>quarti</span> <span class='ocrx_word' id='word_1_74' title='bbox 245 1619 314 1661; x_wconf 86' lang='lat' dir='ltr'>avi</span> <span class='ocrx_word' id='word_1_75' title='bbox 335 1619 468 1660; x_wconf 90' lang='lat' dir='ltr'>nostri</span> <span class='ocrx_word' id='word_1_76' title='bbox 489 1620 621 1661; x_wconf 82' lang='lat' dir='ltr'>factas</span> <span class='ocrx_word' id='word_1_77' title='bbox 636 1619 682 1660; x_wconf 92' lang='lat' dir='ltr'>in</span> <span class='ocrx_word' id='word_1_78' title='bbox 704 1619 779 1660; x_wconf 92' lang='lat' dir='ltr'>hec</span> <span class='ocrx_word' id='word_1_79' title='bbox 799 1618 938 1661; x_wconf 86' lang='lat' dir='ltr'>verba.</span> <span class='ocrx_word' id='word_1_80' title='bbox 1006 1618 1178 1675; x_wconf 84' lang='lat' dir='ltr'>[MXX11,</span> <span class='ocrx_word' id='word_1_81' title='bbox 1201 1617 1446 1674; x_wconf 74' lang='lat' dir='ltr'>MLxxva]</span> 
     </span>
    </p>

    <p class='ocr_par' dir='ltr' id='par_1_8' title="bbox 78 1708 2033 2763">
     <span class='ocr_line' id='line_1_13' title="bbox 141 1708 2024 1765; baseline -0.001 -13"><span class='ocrx_word' id='word_1_82' title='bbox 141 1710 232 1753; x_wconf 91' lang='lat' dir='ltr'>Nos</span> <span class='ocrx_word' id='word_1_83' title='bbox 263 1714 407 1752; x_wconf 84' lang='lat' dir='ltr'>autem</span> <span class='ocrx_word' id='word_1_84' title='bbox 437 1710 580 1752; x_wconf 81' lang='lat' dir='ltr'>literas</span> <span class='ocrx_word' id='word_1_85' title='bbox 610 1710 820 1765; x_wconf 88' lang='lat' dir='ltr'>predictas</span> <span class='ocrx_word' id='word_1_86' title='bbox 850 1710 952 1752; x_wconf 84' lang='lat' dir='ltr'>dicti</span> <span class='ocrx_word' id='word_1_87' title='bbox 983 1711 1050 1751; x_wconf 83' lang='lat' dir='ltr'>avi</span> <span class='ocrx_word' id='word_1_88' title='bbox 1071 1709 1205 1752; x_wconf 84' lang='lat' dir='ltr'>nostri</span> <span class='ocrx_word' id='word_1_89' title='bbox 1236 1712 1445 1765; x_wconf 83' lang='lat' dir='ltr'>quantum</span> <span class='ocrx_word' id='word_1_90' title='bbox 1466 1709 1512 1751; x_wconf 90' lang='lat' dir='ltr'>in</span> <span class='ocrx_word' id='word_1_91' title='bbox 1533 1708 1655 1751; x_wconf 88' lang='lat' dir='ltr'>nobis</span> <span class='ocrx_word' id='word_1_92' title='bbox 1675 1712 1738 1751; x_wconf 87' lang='lat' dir='ltr'>est</span> <span class='ocrx_word' id='word_1_93' title='bbox 1759 1712 2024 1764; x_wconf 76' lang='lat' dir='ltr'>acceptamus</span> 
     </span>
     <span class='ocr_line' id='line_1_14' title="bbox 84 1799 2033 1857; baseline -0.001 -15"><span class='ocrx_word' id='word_1_94' title='bbox 84 1801 366 1857; x_wconf 85' lang='lat' dir='ltr'>approbamus</span> <span class='ocrx_word' id='word_1_95' title='bbox 396 1801 655 1843; x_wconf 87' lang='lat' dir='ltr'>ratificamus</span> <span class='ocrx_word' id='word_1_96' title='bbox 685 1816 849 1843; x_wconf 88' lang='lat' dir='ltr'>necnon</span> <span class='ocrx_word' id='word_1_97' title='bbox 880 1801 1022 1843; x_wconf 86' lang='lat' dir='ltr'>omnia</span> <span class='ocrx_word' id='word_1_98' title='bbox 1054 1804 1096 1842; x_wconf 92' lang='lat' dir='ltr'>et</span> <span class='ocrx_word' id='word_1_99' title='bbox 1126 1815 1373 1856; x_wconf 76' lang='lat' dir='ltr'>quecunque</span> <span class='ocrx_word' id='word_1_100' title='bbox 1403 1800 1449 1842; x_wconf 89' lang='lat' dir='ltr'>in</span> <span class='ocrx_word' id='word_1_101' title='bbox 1479 1800 1638 1842; x_wconf 88' lang='lat' dir='ltr'>eisdem</span> <span class='ocrx_word' id='word_1_102' title='bbox 1668 1799 1802 1842; x_wconf 87' lang='lat' dir='ltr'>literis</span> <span class='ocrx_word' id='word_1_103' title='bbox 1833 1802 2033 1842; x_wconf 82' lang='lat' dir='ltr'>contenta</span> 
     </span>
     <span class='ocr_line' id='line_1_15' title="bbox 82 1889 2023 1947; baseline -0.001 -14"><span class='ocrx_word' id='word_1_104' title='bbox 82 1891 305 1933; x_wconf 82' lang='lat' dir='ltr'>carissimis</span> <span class='ocrx_word' id='word_1_105' title='bbox 338 1891 663 1947; x_wconf 86' lang='lat' dir='ltr'>consanguineis</span> <span class='ocrx_word' id='word_1_106' title='bbox 695 1891 848 1933; x_wconf 84' lang='lat' dir='ltr'>nostris</span> <span class='ocrx_word' id='word_1_107' title='bbox 884 1891 1088 1933; x_wconf 70' lang='lat' dir='ltr'>RmARno</span> <span class='ocrx_word' id='word_1_108' title='bbox 1121 1890 1312 1933; x_wconf 75' lang='lat' dir='ltr'>NEVYLL</span> <span class='ocrx_word' id='word_1_109' title='bbox 1348 1890 1492 1932; x_wconf 89' lang='lat' dir='ltr'>comiti</span> <span class='ocrx_word' id='word_1_110' title='bbox 1524 1889 1780 1933; x_wconf 65' lang='lat' dir='ltr'>Wfflwmm</span> <span class='ocrx_word' id='word_1_111' title='bbox 1812 1894 1853 1931; x_wconf 91' lang='lat' dir='ltr'>et</span> <span class='ocrx_word' id='word_1_112' title='bbox 1884 1889 2023 1931; x_wconf 67' lang='lat' dir='ltr'>ANNE</span> 
     </span>
     <span class='ocr_line' id='line_1_16' title="bbox 80 1979 2030 2038; baseline -0.001 -15"><span class='ocrx_word' id='word_1_113' title='bbox 80 1981 204 2024; x_wconf 85' lang='lat' dir='ltr'>uxori</span> <span class='ocrx_word' id='word_1_114' title='bbox 237 1982 331 2038; x_wconf 84' lang='lat' dir='ltr'>ejus</span> <span class='ocrx_word' id='word_1_115' title='bbox 363 1984 405 2024; x_wconf 91' lang='lat' dir='ltr'>et</span> <span class='ocrx_word' id='word_1_116' title='bbox 439 1981 665 2024; x_wconf 87' lang='lat' dir='ltr'>heredibus</span> <span class='ocrx_word' id='word_1_117' title='bbox 697 1996 843 2023; x_wconf 89' lang='lat' dir='ltr'>eorum</span> <span class='ocrx_word' id='word_1_118' title='bbox 883 1982 935 2023; x_wconf 91' lang='lat' dir='ltr'>de</span> <span class='ocrx_word' id='word_1_119' title='bbox 975 1996 1145 2036; x_wconf 85' lang='lat' dir='ltr'>corpore</span> <span class='ocrx_word' id='word_1_120' title='bbox 1185 1981 1376 2036; x_wconf 83' lang='lat' dir='ltr'>ejusdem</span> <span class='ocrx_word' id='word_1_121' title='bbox 1417 1980 1555 2022; x_wconf 77' lang='lat' dir='ltr'>ANNE</span> <span class='ocrx_word' id='word_1_122' title='bbox 1598 1979 1825 2036; x_wconf 85' lang='lat' dir='ltr'>procreatis</span> <span class='ocrx_word' id='word_1_123' title='bbox 1865 1994 2030 2021; x_wconf 87' lang='lat' dir='ltr'>necnon</span> 
     </span>
     <span class='ocr_line' id='line_1_17' title="bbox 81 2070 2027 2128; baseline -0.001 -14"><span class='ocrx_word' id='word_1_124' title='bbox 81 2072 402 2128; x_wconf 87' lang='lat' dir='ltr'>quibuscunque</span> <span class='ocrx_word' id='word_1_125' title='bbox 435 2072 717 2128; x_wconf 88' lang='lat' dir='ltr'>burgensibus</span> <span class='ocrx_word' id='word_1_126' title='bbox 764 2072 1008 2114; x_wconf 88' lang='lat' dir='ltr'>hominibus</span> <span class='ocrx_word' id='word_1_127' title='bbox 1047 2074 1090 2114; x_wconf 91' lang='lat' dir='ltr'>et</span> <span class='ocrx_word' id='word_1_128' title='bbox 1129 2071 1373 2113; x_wconf 85' lang='lat' dir='ltr'>tenentibus</span> <span class='ocrx_word' id='word_1_129' title='bbox 1412 2070 1695 2113; x_wconf 84' lang='lat' dir='ltr'>residentibus</span> <span class='ocrx_word' id='word_1_130' title='bbox 1725 2071 1924 2112; x_wconf 87' lang='lat' dir='ltr'>villarum</span> <span class='ocrx_word' id='word_1_131' title='bbox 1974 2071 2027 2112; x_wconf 88' lang='lat' dir='ltr'>de</span> 
     </span>
     <span class='ocr_line' id='line_1_18' title="bbox 82 2161 2030 2206; baseline -0.002 0"><span class='ocrx_word' id='word_1_132' title='bbox 82 2163 276 2206; x_wconf 78' lang='lat' dir='ltr'><strong>KERDYF</strong></span> <span class='ocrx_word' id='word_1_133' title='bbox 299 2162 576 2206; x_wconf 80' lang='lat' dir='ltr'>COUBRUGGE</span> <span class='ocrx_word' id='word_1_134' title='bbox 608 2163 775 2205; x_wconf 81' lang='lat' dir='ltr'><strong>NEETH</strong></span> <span class='ocrx_word' id='word_1_135' title='bbox 806 2166 849 2205; x_wconf 93' lang='lat' dir='ltr'>et</span> <span class='ocrx_word' id='word_1_136' title='bbox 884 2162 1170 2204; x_wconf 83' lang='lat' dir='ltr'><strong>KENEFEGGE</strong></span> <span class='ocrx_word' id='word_1_137' title='bbox 1207 2177 1254 2204; x_wconf 88' lang='lat' dir='ltr'>ac</span> <span class='ocrx_word' id='word_1_138' title='bbox 1289 2177 1434 2204; x_wconf 88' lang='lat' dir='ltr'>eorum</span> <span class='ocrx_word' id='word_1_139' title='bbox 1469 2161 1771 2204; x_wconf 88' lang='lat' dir='ltr'>successoribus</span> <span class='ocrx_word' id='word_1_140' title='bbox 1806 2164 1847 2203; x_wconf 84' lang='lat' dir='ltr'>et</span> <span class='ocrx_word' id='word_1_141' title='bbox 1884 2175 2030 2203; x_wconf 89' lang='lat' dir='ltr'>eorum</span> 
     </span>
     <span class='ocr_line' id='line_1_19' title="bbox 81 2252 2028 2309; baseline -0.002 -13"><span class='ocrx_word' id='word_1_142' title='bbox 81 2254 255 2297; x_wconf 90' lang='lat' dir='ltr'>cuilibet</span> <span class='ocrx_word' id='word_1_143' title='bbox 274 2257 418 2296; x_wconf 88' lang='lat' dir='ltr'>tenore</span> <span class='ocrx_word' id='word_1_144' title='bbox 440 2255 702 2309; x_wconf 88' lang='lat' dir='ltr'>presencium</span> <span class='ocrx_word' id='word_1_145' title='bbox 733 2254 998 2296; x_wconf 85' lang='lat' dir='ltr'>concedimus</span> <span class='ocrx_word' id='word_1_146' title='bbox 1028 2255 1069 2295; x_wconf 81' lang='lat' dir='ltr'>et</span> <span class='ocrx_word' id='word_1_147' title='bbox 1101 2253 1408 2295; x_wconf 79' lang='lat' dir='ltr'>confirmamus,</span> <span class='ocrx_word' id='word_1_148' title='bbox 1472 2252 1538 2295; x_wconf 89' lang='lat' dir='ltr'>Eo</span> <span class='ocrx_word' id='word_1_149' title='bbox 1561 2253 1674 2308; x_wconf 91' lang='lat' dir='ltr'>quod</span> <span class='ocrx_word' id='word_1_150' title='bbox 1695 2253 1747 2294; x_wconf 89' lang='lat' dir='ltr'>de</span> <span class='ocrx_word' id='word_1_151' title='bbox 1768 2267 1865 2294; x_wconf 91' lang='lat' dir='ltr'>vero</span> <span class='ocrx_word' id='word_1_152' title='bbox 1886 2266 2028 2294; x_wconf 88' lang='lat' dir='ltr'>annuo</span> 
     </span>
     <span class='ocr_line' id='line_1_20' title="bbox 80 2341 2025 2400; baseline -0.002 -13"><span class='ocrx_word' id='word_1_153' title='bbox 80 2345 224 2387; x_wconf 85' lang='lat' dir='ltr'>valore</span> <span class='ocrx_word' id='word_1_154' title='bbox 261 2345 451 2387; x_wconf 89' lang='lat' dir='ltr'>omnium</span> <span class='ocrx_word' id='word_1_155' title='bbox 483 2345 781 2400; x_wconf 87' lang='lat' dir='ltr'>premissorum</span> <span class='ocrx_word' id='word_1_156' title='bbox 817 2360 890 2386; x_wconf 92' lang='lat' dir='ltr'>seu</span> <span class='ocrx_word' id='word_1_157' title='bbox 919 2344 1102 2399; x_wconf 86' lang='lat' dir='ltr'>alicujus</span> <span class='ocrx_word' id='word_1_158' title='bbox 1131 2344 1231 2386; x_wconf 90' lang='lat' dir='ltr'>inde</span> <span class='ocrx_word' id='word_1_159' title='bbox 1261 2343 1442 2399; x_wconf 90' lang='lat' dir='ltr'>parcelle</span> <span class='ocrx_word' id='word_1_160' title='bbox 1473 2359 1547 2385; x_wconf 90' lang='lat' dir='ltr'>seu</span> <span class='ocrx_word' id='word_1_161' title='bbox 1577 2344 1629 2384; x_wconf 92' lang='lat' dir='ltr'>de</span> <span class='ocrx_word' id='word_1_162' title='bbox 1659 2343 1754 2384; x_wconf 86' lang='lat' dir='ltr'>aliis</span> <span class='ocrx_word' id='word_1_163' title='bbox 1784 2342 1907 2384; x_wconf 89' lang='lat' dir='ltr'>donis</span> <span class='ocrx_word' id='word_1_164' title='bbox 1938 2341 2025 2384; x_wconf 86' lang='lat' dir='ltr'>sive</span> 
     </span>
     <span class='ocr_line' id='line_1_21' title="bbox 82 2432 2029 2491; baseline -0.003 -13"><span class='ocrx_word' id='word_1_165' title='bbox 82 2435 416 2479; x_wconf 87' lang='lat' dir='ltr'>concessionibus</span> <span class='ocrx_word' id='word_1_166' title='bbox 437 2450 512 2491; x_wconf 92' lang='lat' dir='ltr'>per</span> <span class='ocrx_word' id='word_1_167' title='bbox 531 2450 608 2477; x_wconf 90' lang='lat' dir='ltr'>nos</span> <span class='ocrx_word' id='word_1_168' title='bbox 627 2436 804 2491; x_wconf 81' lang='lat' dir='ltr'>prefatis</span> <span class='ocrx_word' id='word_1_169' title='bbox 826 2435 1032 2477; x_wconf 75' lang='lat' dir='ltr'>RmARDo</span> <span class='ocrx_word' id='word_1_170' title='bbox 1052 2435 1245 2477; x_wconf 82' lang='lat' dir='ltr'><strong>NEVYLL</strong></span> <span class='ocrx_word' id='word_1_171' title='bbox 1265 2440 1308 2476; x_wconf 89' lang='lat' dir='ltr'>et</span> <span class='ocrx_word' id='word_1_172' title='bbox 1321 2434 1460 2477; x_wconf 78' lang='lat' dir='ltr'>ANNE</span> <span class='ocrx_word' id='word_1_173' title='bbox 1482 2437 1580 2476; x_wconf 85' lang='lat' dir='ltr'>ante</span> <span class='ocrx_word' id='word_1_174' title='bbox 1602 2433 1679 2475; x_wconf 91' lang='lat' dir='ltr'>hec</span> <span class='ocrx_word' id='word_1_175' title='bbox 1698 2436 1889 2488; x_wconf 88' lang='lat' dir='ltr'>tempora</span> <span class='ocrx_word' id='word_1_176' title='bbox 1906 2432 2029 2474; x_wconf 78' lang='lat' dir='ltr'>factis</span> 
     </span>
     <span class='ocr_line' id='line_1_22' title="bbox 78 2525 2025 2582; baseline -0.003 -13"><span class='ocrx_word' id='word_1_177' title='bbox 78 2542 273 2582; x_wconf 82' lang='lat' dir='ltr'>expressa</span> <span class='ocrx_word' id='word_1_178' title='bbox 313 2527 477 2569; x_wconf 87' lang='lat' dir='ltr'>mencio</span> <span class='ocrx_word' id='word_1_179' title='bbox 531 2527 577 2568; x_wconf 88' lang='lat' dir='ltr'>in</span> <span class='ocrx_word' id='word_1_180' title='bbox 631 2526 895 2582; x_wconf 88' lang='lat' dir='ltr'>presentibus</span> <span class='ocrx_word' id='word_1_181' title='bbox 934 2526 1058 2569; x_wconf 81' lang='lat' dir='ltr'>factis</span> <span class='ocrx_word' id='word_1_182' title='bbox 1107 2541 1194 2568; x_wconf 91' lang='lat' dir='ltr'>non</span> <span class='ocrx_word' id='word_1_183' title='bbox 1244 2526 1389 2568; x_wconf 82' lang='lat' dir='ltr'>existit</span> <span class='ocrx_word' id='word_1_184' title='bbox 1429 2527 1505 2567; x_wconf 89' lang='lat' dir='ltr'>aut</span> <span class='ocrx_word' id='word_1_185' title='bbox 1545 2525 1687 2579; x_wconf 90' lang='lat' dir='ltr'>aliquo</span> <span class='ocrx_word' id='word_1_186' title='bbox 1728 2526 1886 2566; x_wconf 89' lang='lat' dir='ltr'>statuto</span> <span class='ocrx_word' id='word_1_187' title='bbox 1928 2525 2025 2565; x_wconf 85' lang='lat' dir='ltr'>actu</span> 
     </span>
     <span class='ocr_line' id='line_1_23' title="bbox 80 2614 2030 2672; baseline -0.003 -12"><span class='ocrx_word' id='word_1_188' title='bbox 80 2618 349 2660; x_wconf 82' lang='lat' dir='ltr'>ordinacione</span> <span class='ocrx_word' id='word_1_189' title='bbox 389 2618 456 2660; x_wconf 88' lang='lat' dir='ltr'>vel</span> <span class='ocrx_word' id='word_1_190' title='bbox 496 2618 733 2672; x_wconf 87' lang='lat' dir='ltr'>provisione</span> <span class='ocrx_word' id='word_1_191' title='bbox 773 2617 886 2659; x_wconf 82' lang='lat' dir='ltr'>facta</span> <span class='ocrx_word' id='word_1_192' title='bbox 926 2618 1011 2659; x_wconf 89' lang='lat' dir='ltr'>sive</span> <span class='ocrx_word' id='word_1_193' title='bbox 1052 2618 1166 2659; x_wconf 83' lang='lat' dir='ltr'>edita</span> <span class='ocrx_word' id='word_1_194' title='bbox 1206 2632 1291 2659; x_wconf 92' lang='lat' dir='ltr'>non</span> <span class='ocrx_word' id='word_1_195' title='bbox 1333 2615 1610 2659; x_wconf 80' lang='lat' dir='ltr'>obstantibus,</span> <span class='ocrx_word' id='word_1_196' title='bbox 1698 2614 1754 2656; x_wconf 93' lang='lat' dir='ltr'>In</span> <span class='ocrx_word' id='word_1_197' title='bbox 1810 2614 1928 2669; x_wconf 86' lang='lat' dir='ltr'>cujus</span> <span class='ocrx_word' id='word_1_198' title='bbox 1968 2614 2030 2656; x_wconf 89' lang='lat' dir='ltr'>rei</span> 
     </span>
     <span class='ocr_line' id='line_1_24' title="bbox 78 2708 1362 2763; baseline -0.001 -12"><span class='ocrx_word' id='word_1_199' title='bbox 78 2709 369 2751; x_wconf 87' lang='lat' dir='ltr'>testimonium</span> <span class='ocrx_word' id='word_1_200' title='bbox 388 2708 465 2750; x_wconf 88' lang='lat' dir='ltr'>has</span> <span class='ocrx_word' id='word_1_201' title='bbox 484 2708 649 2750; x_wconf 88' lang='lat' dir='ltr'>litteras</span> <span class='ocrx_word' id='word_1_202' title='bbox 669 2710 833 2750; x_wconf 87' lang='lat' dir='ltr'>nostras</span> <span class='ocrx_word' id='word_1_203' title='bbox 852 2708 943 2750; x_wconf 90' lang='lat' dir='ltr'>fieri</span> <span class='ocrx_word' id='word_1_204' title='bbox 965 2708 1136 2750; x_wconf 88' lang='lat' dir='ltr'>fecimus</span> <span class='ocrx_word' id='word_1_205' title='bbox 1157 2711 1362 2763; x_wconf 88' lang='lat' dir='ltr'>patentes.</span> 
     </span>
    </p>
   </div>
   <div class='ocr_carea' id='block_1_7' title="bbox 139 2796 2030 2854">
    <p class='ocr_par' dir='ltr' id='par_1_9' title="bbox 139 2796 2030 2854">
     <span class='ocr_line' id='line_1_25' title="bbox 139 2796 2030 2854; baseline -0.002 -14"><span class='ocrx_word' id='word_1_206' title='bbox 139 2799 265 2842; x_wconf 85' lang='lat' dir='ltr'>Teste</span> <span class='ocrx_word' id='word_1_207' title='bbox 284 2814 353 2840; x_wconf 91' lang='lat' dir='ltr'>me</span> <span class='ocrx_word' id='word_1_208' title='bbox 382 2799 473 2854; x_wconf 91' lang='lat' dir='ltr'>ipso</span> <span class='ocrx_word' id='word_1_209' title='bbox 504 2800 619 2854; x_wconf 87' lang='lat' dir='ltr'>apud</span> <span class='ocrx_word' id='word_1_210' title='bbox 652 2798 845 2840; x_wconf 81' lang='lat' dir='ltr'>REDYNG</span> <span class='ocrx_word' id='word_1_211' title='bbox 880 2799 1077 2841; x_wconf 88' lang='lat' dir='ltr'>vicesimo</span> <span class='ocrx_word' id='word_1_212' title='bbox 1113 2799 1263 2854; x_wconf 90' lang='lat' dir='ltr'>quinto</span> <span class='ocrx_word' id='word_1_213' title='bbox 1298 2799 1367 2840; x_wconf 86' lang='lat' dir='ltr'>die</span> <span class='ocrx_word' id='word_1_214' title='bbox 1401 2798 1554 2841; x_wconf 86' lang='lat' dir='ltr'>Marcii</span> <span class='ocrx_word' id='word_1_215' title='bbox 1590 2812 1703 2840; x_wconf 86' lang='lat' dir='ltr'>anno</span> <span class='ocrx_word' id='word_1_216' title='bbox 1739 2797 1861 2853; x_wconf 86' lang='lat' dir='ltr'>regni</span> <span class='ocrx_word' id='word_1_217' title='bbox 1895 2796 2030 2838; x_wconf 81' lang='lat' dir='ltr'>nostri</span> 
     </span>
    </p>
   </div>
   <div class='ocr_carea' id='block_1_8' title="bbox 81 2890 459 2945">
    <p class='ocr_par' dir='ltr' id='par_1_10' title="bbox 81 2890 459 2945">
     <span class='ocr_line' id='line_1_26' title="bbox 81 2890 459 2945; baseline -0.003 -13"><span class='ocrx_word' id='word_1_218' title='bbox 81 2890 291 2933; x_wconf 89' lang='lat' dir='ltr'>tricesimo</span> <span class='ocrx_word' id='word_1_219' title='bbox 312 2890 459 2945; x_wconf 88' lang='lat' dir='ltr'>primo.</span> 
     </span>
    </p>
   </div>
   <div class='ocr_carea' id='block_1_9' title="bbox 283 3031 353 3065">
    <p class='ocr_par' dir='ltr' id='par_1_11' title="bbox 283 3031 353 3065">
     <span class='ocr_line' id='line_1_27' title="bbox 283 3031 353 3065; baseline -0.014 0"><span class='ocrx_word' id='word_1_220' title='bbox 283 3031 353 3065; x_wconf 81' lang='grc' dir='ltr'>9Ε</span> 
     </span>
    </p>
   </div>
  </div>
 </body>
</html>
