2362 3392
237 244 349 286 1678

177 454 231 495 de
250 450 582 494 KITHLIBAVIL'
603 465 686 506 que
707 450 880 506 quidem
899 450 1144 490 tenementa
1163 446 1378 503 predictus
1393 445 1523 490 abbas
1542 446 1660 502 prius
1679 445 1820 488 tenuit
1838 444 1885 487 in
1901 444 2131 487 elemosina

178 544 232 586 de
274 543 464 600 predicto
509 541 674 585 comite.
751 539 1019 583 Habendum
1054 541 1097 581 et
1135 539 1370 581 tenendum
1410 537 1598 594 predicto
1638 536 1784 579 comiti
1821 535 2049 578 heredibus
2087 538 2131 578 et

180 633 407 691 assignatis
427 633 514 676 suis
533 634 586 675 de
606 630 858 688 capitalibus
873 630 1058 673 dominis
1077 629 1193 672 feodi
1212 629 1330 671 illius
1349 629 1395 671 in
1410 644 1517 685 puro
1533 627 1772 671 eschambio
1791 628 1838 669 in
1858 629 2125 683 perpetuum.

180 726 241 768 Et
261 741 337 782 pro
360 725 440 768 hac
460 723 724 767 concessione
744 721 974 767 donatione
995 723 1037 763 et
1058 719 1297 763 eschambio
1318 720 1432 762 idem
1453 734 1591 762 comes
1619 718 1822 761 concessit
1851 717 1970 760 dedit
1989 720 2034 760 et
2052 717 2132 760 hoc

180 816 367 873 presenti
400 816 555 872 scripto
588 813 883 871 cirographato
924 811 1192 855 confirmavit
1229 811 1368 854 eidem
1408 809 1553 852 abbati
1592 812 1635 852 et
1674 808 1902 851 conventui
1936 808 1982 850 in
2026 822 2133 864 puro

183 907 421 950 eschambio
443 910 616 949 centum
637 904 812 947 libratas
832 903 967 945 annui
989 905 1031 945 et
1053 903 1150 944 sicci
1170 902 1364 944 redditus
1384 902 1436 943 de
1467 901 1591 944 certis
1617 899 1862 943 tenentibus
1883 903 1996 942 certa
2015 903 2133 942 tene-

180 1002 327 1042 menta
358 997 604 1040 tenentibus
633 997 679 1039 in
708 996 810 1039 locis
840 994 1085 1050 subscriptis
1114 993 1418 1050 percipiendas.
1479 991 1693 1036 Videlicet
1722 992 1775 1033 de
1804 990 1976 1034 redditu
2004 990 2134 1047 burgi

177 1092 230 1134 de
251 1090 390 1133 Nmn
411 1103 578 1131 cx111Js.
597 1088 719 1130 de.
737 1086 804 1130 ob.
821 1103 831 1139 ;
863 1087 916 1129 de
938 1086 1108 1129 redditu
1123 1085 1251 1141 burgi
1267 1086 1318 1127 de
1340 1083 1599 1126 CowBRUGG
1625 1082 1773 1126 sexum
1798 1116 1823 1135 ‚,
1845 1097 1947 1125 xus.
1972 1115 1997 1134 ,‚
2020 1082 2131 1124 vnd.

181 1181 274 1234 ob.;
307 1182 360 1224 de
380 1181 552 1223 redditu
571 1179 752 1221 manerii
772 1179 825 1220 de
846 1177 1188 1220 LAMBLETHIAN
1217 1176 1376 1218 AExxm
1402 1209 1426 1227 ‚‚
1450 1190 1512 1217 vs.
1538 1208 1562 1227 ,‚
1586 1175 1696 1216 vnd.
1722 1207 1747 1226 ‚‚
1768 1189 1829 1229 qr.
1850 1190 1860 1226 3
1892 1174 1944 1215 de
1965 1173 2136 1216 redditu

181 1273 362 1316 manerii
383 1273 435 1314 de
456 1271 744 1314 LANIL'rAviT
771 1270 902 1312 sb'xxv
926 1303 950 1321 ‚,
974 1283 1106 1311 xvns.
1131 1267 1196 1311 ob.
1222 1301 1246 1320 ‚,
1270 1283 1330 1323 qr.
1352 1283 1361 1319 ;
1395 1268 1447 1309 de
1477 1266 1649 1308 redditu
1678 1265 1806 1321 burgi
1837 1266 1889 1307 de
1919 1264 2135 1307 Kanum

182 1366 281 1408 AExx
313 1379 432 1417 11Js.;
474 1364 527 1406 de
557 1363 729 1405 redditu
758 1361 886 1418 burgi
917 1362 970 1403 de
1002 1360 1245 1403 KAERLION
1278 1359 1345 1401 AEx
1378 1392 1403 1411 ‚‚
1435 1373 1534 1400 vus.
1569 1391 1593 1409 „
1627 1358 1747 1400 111Jd.
1824 1355 1963 1399 Salvis
1992 1360 2136 1399 tamen

180 1456 370 1513 predicto
391 1455 535 1498 comiti
556 1458 599 1496 et
618 1452 844 1497 heredibus
865 1452 951 1495 suis
972 1451 1184 1508 homagiis
1203 1451 1357 1493 wardis
1377 1449 1544 1492 releviis
1557 1448 1762 1492 eschaetis
1782 1452 1825 1491 et
1840 1448 1935 1491 aliis
1952 1448 2138 1491 serviciis

181 1553 224 1592 et
250 1548 448 1604 proficuis
477 1546 701 1589 hominum
731 1545 948 1588 redditum
978 1543 1216 1600 predictum
1246 1542 1434 1598 predicto
1466 1540 1611 1583 abbati
1644 1543 1687 1582 et
1717 1539 2021 1583 successoribus
2051 1540 2138 1582 suis

180 1639 452 1682 reddentium
472 1641 515 1680 et
535 1638 661 1680 liceat
681 1637 871 1693 predicto
891 1635 1037 1678 abbati
1057 1639 1099 1678 et
1120 1633 1424 1677 successoribus
1445 1633 1530 1674 suis
1551 1632 1806 1687 distringere
1825 1631 1871 1673 in
1892 1633 2138 1674 tenementa

182 1732 296 1773 unde
316 1730 509 1772 redditus
529 1729 601 1771 ille
632 1735 695 1771 est
725 1727 975 1783 perveniens
1004 1727 1050 1768 in
1081 1739 1431 1781 quorumcunque
1461 1723 1659 1766 manibus
1688 1722 1951 1778 temporibus
1981 1722 2140 1765 futuris

183 1821 430 1865 devenerint
446 1835 579 1876 usque
594 1820 647 1862 ad
663 1820 834 1876 plenam
851 1818 1104 1861 solutionem
1120 1816 1299 1874 predicti
1320 1815 1511 1858 redditus
1524 1815 1558 1857 si
1575 1814 1793 1870 quidinde
1814 1829 1839 1856 a
1858 1817 1970 1857 retro
1991 1813 2134 1857 fuerit.

183 1913 449 1956 Habendum
479 1915 522 1954 et
554 1912 789 1954 tenendum
819 1911 956 1953 eidem
988 1909 1135 1952 abbati
1177 1912 1220 1950 et
1262 1906 1565 1950 successoribus
1604 1906 1690 1948 suis
1722 1908 1765 1948 et
1797 1906 2023 1948 conventui
2062 1906 2143 1949 loci

185 2005 378 2062 ejusdem
398 2005 451 2047 de
471 2004 660 2060 predicto
683 2002 834 2045 comite
855 2002 901 2044 in
923 2016 1030 2058 puro
1062 1999 1300 2043 eschambio
1331 2002 1374 2042 et
1403 1999 1450 2040 in
1480 1998 1709 2041 elemosina
1739 1998 1846 2040 sicut
1865 1998 1983 2053 prius
2002 1997 2143 2040 tenuit

184 2099 430 2140 tenementa
459 2110 542 2151 que
572 2094 692 2137 dedit
731 2094 921 2149 predicto
963 2093 1108 2135 comiti
1148 2092 1194 2134 in
1235 2089 1474 2134 esohambio
1509 2104 1729 2145 quousque
1761 2088 1876 2131 idem
1908 2104 2045 2132 comes
2077 2089 2145 2132 vel

185 2187 360 2230 heredes
381 2186 446 2229 sm·
466 2185 731 2242 providerint
750 2185 939 2240 predicto
961 2183 1105 2227 abbati
1127 2186 1169 2226 et
1190 2181 1492 2225 successoribus
1516 2180 1602 2223 suis
1622 2180 1667 2222 in
1688 2195 1733 2222 re
1753 2180 2013 2235 equivalenti
2028 2183 2078 2223 ut
2098 2180 2145 2223 in

186 2279 310 2322 terris
330 2277 569 2321 redditibus
590 2277 657 2319 vel
678 2277 868 2332 utrisque
898 2276 1013 2318 facta
1043 2278 1187 2318 autem
1216 2274 1456 2330 provisione
1485 2272 1675 2329 predicta
1705 2272 1920 2328 predictus
1950 2272 2144 2315 redditus

190 2385 286 2412 cum
308 2369 505 2412 omnibus
526 2368 612 2411 suis
632 2368 904 2424 pertinenciis
924 2368 1091 2423 integre
1112 2370 1154 2409 et
1181 2367 1271 2408 sine
1302 2364 1636 2408 contradictione
1667 2363 1878 2405 dictorum
1909 2362 2073 2406 abbatis
2103 2369 2147 2407 et

189 2463 422 2504 conventus
443 2460 631 2516 predicto
652 2458 796 2502 comiti
817 2462 859 2501 et
889 2457 1116 2501 heredibus
1146 2457 1233 2499 suis
1263 2456 1405 2512 quiete
1435 2458 1632 2498 revertat.
1695 2454 1751 2496 In
1783 2454 1906 2510 cujus
1935 2454 1996 2496 rei
2026 2454 2144 2497 testi-

191 2553 384 2594 monium
406 2551 519 2607 parti
539 2550 747 2607 presentis
767 2550 912 2606 scripti
934 2548 1220 2606 cirographati
1232 2562 1361 2604 penes
1381 2547 1592 2603 predictos
1614 2545 1814 2588 abbatem
1834 2550 1877 2588 et
1893 2548 2149 2588 conventum

192 2641 432 2684 remanenti
454 2641 670 2697 predictus
690 2656 827 2683 comes
849 2640 1038 2697 sigillum
1060 2654 1184 2682 suum
1215 2638 1414 2694 apposuit
1435 2640 1477 2680 et
1496 2636 1610 2693 parti
1632 2635 1826 2691 ejusdem
1856 2635 2001 2690 scripti
2020 2650 2151 2691 penes

194 2733 432 2788 predictum
474 2732 672 2775 comitem
721 2731 959 2774 remanenti
999 2730 1177 2786 predicti
1217 2729 1346 2772 abbas
1387 2731 1430 2771 et
1471 2730 1704 2770 conventus
1742 2726 1934 2782 sigillum
1973 2727 2150 2782 capituli

197 2826 496 2879 apposuerunt.
559 2822 663 2865 Hiis
692 2822 872 2865 testibus
904 2856 912 2864 .
947 2821 1131 2864 dominis
1160 2820 1189 2864 J
1192 2834 1380 2862 OHANNE
1402 2820 1454 2861 de
1476 2818 1594 2860 Bovs
1628 2850 1636 2859 .
1671 2816 1700 2860 J
1703 2831 1891 2859 OHANNE
1923 2818 1976 2858 de
1996 2816 2151 2860 BELLO

197 2914 354 2957 CAMPO
375 2914 508 2956 fratre
533 2914 698 2956 comitis
718 2913 938 2956 WAanz
961 2946 969 2955 .
994 2911 1226 2955 GILBERTO
1242 2911 1295 2953 de
1310 2909 1562 2952 THORNTON
1582 2908 1826 2951 ‚JOHANNE
1843 2908 1896 2950 de
1913 2907 2150 2952 CREPPING

195 3010 299 3047 tunc
321 3004 566 3047 vicecomite
587 3005 639 3047 de
661 3003 950 3047 GLAMORGAN
975 3037 983 3045 .
1008 3002 1220 3045 ROBERTO
1248 3001 1289 3043 le
1318 3000 1449 3044 VEEL
1481 3033 1489 3041 .
1520 2998 1550 3042 J
1553 3012 1739 3041 oHANNE
1761 2999 1814 3040 de
1834 2997 2117 3042 UMFRAVILL
2140 3033 2149 3042 .
