2362 3392
285 260 398 302 2082

221 470 266 510 et
298 465 523 522 assignatis
555 465 641 508 suis
674 480 700 507 a
731 468 920 520 tempore
952 478 1036 519 quo
1071 463 1185 506 dicta
1216 463 1446 505 indentura
1477 465 1520 505 et
1547 462 1737 505 dimissio
1765 462 1878 505 dicto
1904 462 1935 505 J
1937 477 2095 505 ENKYN
2115 478 2169 519 ap

226 557 428 600 HOPKYN
467 572 521 612 ap
558 555 781 599 WILLIAM
816 560 866 596 ut
905 554 1119 610 prefertur
1153 553 1344 596 confecta
1384 568 1432 595 ac
1472 556 1608 596 status
1647 553 1850 595 interesse
1890 557 1932 595 et
1961 554 2172 596 terminus

225 663 435 691 annorum
455 647 649 703 ejusdem
668 646 697 689 J
700 660 859 688 ANKYN
876 646 930 688 de
954 649 996 687 et
1016 645 1062 687 in
1083 645 1231 687 eadem
1251 644 1482 686 indentura
1502 647 1546 687 et
1565 644 1810 686 dimissione
1830 659 1878 686 ac
1906 644 1952 685 in
1972 643 2173 686 Ecclesiis

223 742 265 782 et
315 738 489 781 decimis
531 737 732 793 predictis
774 751 1024 792 quocunque
1066 736 1191 778 modo
1235 735 1350 777 finiri
1395 734 1580 790 expirari
1619 750 1693 777 seu
1732 734 2007 777 determinari
2037 734 2170 777 conti-

224 830 366 887 gerint
405 844 539 884 usque
578 829 633 871 ad
672 829 802 870 finem
841 826 1014 869 termini
1051 829 1094 868 et
1131 840 1207 881 per
1246 825 1478 868 terminum
1518 825 1675 881 viginti
1715 828 1757 867 et
1796 825 1924 867 unius
1962 839 2173 867 annorum

224 925 381 964 extunc
401 920 592 976 proxime
612 918 882 975 sequentium
903 922 945 961 et
965 917 1153 973 plenarie
1174 917 1535 972 complendorum‚
1566 916 1783 958 reddendo
1813 915 1916 957 inde
1942 919 2100 958 extunc
2129 918 2173 958 et

224 1012 380 1055 abinde
412 1011 638 1053 annuatim
669 1010 791 1053 nobis
822 1008 1050 1052 heredibus
1077 1011 1119 1050 et
1140 1007 1443 1050 successoribus
1463 1007 1618 1049 nostris
1645 1011 1818 1049 centum
1849 1021 1922 1048 sex
1947 1006 2102 1048 solidos
2131 1009 2174 1048 et

224 1108 316 1146 octo
338 1102 531 1145 denarios
550 1101 701 1157 legalis
720 1103 890 1144 monete
903 1101 1088 1142 ANGLOE
1104 1100 1160 1141 ad
1172 1098 1282 1141 festa
1297 1098 1664 1140 Annunciacionis
1679 1097 1801 1140 beate
1816 1097 1977 1139 MARIE
1993 1096 2175 1152 virginis

222 1198 266 1237 et
293 1193 440 1237 Sancti
469 1192 729 1235 MICHAELIS
756 1191 1001 1246 archangeli
1030 1191 1084 1232 ad
1110 1205 1263 1232 manus
1291 1189 1559 1231 Ballivorum
1586 1188 1654 1230 vel
1681 1187 1967 1243 Receptorum
1996 1187 2172 1242 premis-

222 1300 366 1328 sorum
385 1299 461 1340 pro
482 1288 671 1339 tempore
693 1282 969 1325 existentium
994 1296 1070 1337 per
1097 1280 1267 1336 equales
1293 1280 1510 1336 porciones
1540 1279 1761 1321 solvendos
1785 1279 1968 1320 durante
1991 1278 2176 1320 termino

223 1377 412 1432 predicto
432 1376 532 1417 inde
553 1390 628 1430 per
647 1376 862 1430 presentes
883 1387 1150 1429 preconcesso
1178 1372 1318 1427 prima
1346 1371 1558 1413 solucione
1584 1370 1684 1412 inde
1710 1369 1953 1424 incipienda
1983 1369 2037 1410 ad
2066 1368 2176 1411 illud

223 1467 397 1510 ffestum
424 1465 631 1508 festorum
663 1465 952 1520 predictorum
992 1463 1106 1519 quod
1145 1463 1283 1518 primo
1323 1466 1366 1504 et
1405 1462 1598 1517 proxime
1638 1460 1831 1503 euenerit
1862 1475 1936 1502 seu
1976 1459 2175 1502 acciderit

223 1562 449 1614 postquam
489 1556 704 1612 predictus
745 1555 987 1598 RoBERTUs
1023 1553 1247 1597 NICOLLES
1289 1557 1531 1595 executores
1563 1552 1631 1594 vel
1664 1551 1870 1608 assignati
1902 1552 1967 1593 sui
2007 1551 2176 1592 easdem

225 1649 434 1692 Ecclesias
455 1652 497 1691 et
527 1648 712 1690 decimas
742 1647 900 1688 virtute
931 1645 1083 1687 harum
1113 1645 1353 1687 litterarum
1383 1648 1625 1686 nostrarum
1655 1643 1897 1698 patentium
1927 1640 2178 1698 gaudebunt

223 1747 266 1783 et
287 1738 564 1796 possidebunt
601 1772 609 1780 .
649 1737 709 1780 Et
745 1737 958 1793 predictus
992 1736 1232 1778 Rossssmus
1264 1734 1310 1777 N
1314 1748 1489 1776 icoLLEs
1524 1737 1765 1776 executores
1798 1736 1841 1776 et
1876 1732 2082 1789 assignati
2110 1731 2176 1774 sui

223 1831 380 1887 viginti
401 1845 474 1873 sex
495 1829 650 1872 solidos
672 1833 714 1870 et
735 1833 826 1871 octo
848 1828 1043 1870 denarios
1064 1828 1117 1869 de
1137 1826 1337 1882 predictis
1362 1826 1536 1867 decimis
1567 1826 1612 1867 in
1645 1824 1967 1867 GmxcoRRocx
1987 1823 2176 1880 predicto

223 1925 426 1964 exeuntes
447 1935 494 1963 ac
516 1919 683 1962 ΤΗΟΜΕ
705 1934 758 1975 ap
775 1919 804 1962 J
809 1933 930 1961 EUAN
953 1918 1116 1960 Pfflpp‘
1140 1918 1288 1959 clerico
1309 1922 1351 1959 et
1369 1915 1673 1959 successoribus
1694 1916 1780 1958 suis
1801 1916 1947 1957 divina
1963 1914 2176 1958 celebran-

226 2012 342 2055 tibus
362 2011 477 2053 infra
502 2010 722 2066 Capellam
748 2011 799 2052 de
830 2009 1151 2052 GLINCORROCK
1178 2008 1365 2064 predicto
1391 2007 1617 2050 annuatim
1643 2007 1864 2049 solvendos
1891 2005 2115 2048 annuatim
2137 2011 2180 2047 et

227 2105 280 2147 de
312 2107 502 2158 tempore
534 2102 580 2144 in
616 2106 784 2156 tempus
819 2101 1059 2156 persolvent
1092 2133 1099 2142 .
1135 2101 1200 2142 Ac
1234 2114 1310 2141 nos
1342 2099 1516 2141 heredes
1548 2101 1590 2140 et
1623 2112 1875 2140 successores
1910 2097 2044 2139 nostri
2078 2097 2180 2138 inde

228 2193 519 2237 exonerabunt
548 2191 853 2249 acquietabunt
878 2195 919 2234 et
951 2192 1202 2246 indempnes
1232 2189 1541 2232 conservabunt
1571 2190 1753 2231 durante
1783 2189 1966 2231 termino
1992 2187 2181 2243 predicto

229 2286 330 2328 inde
359 2299 433 2340 per
458 2286 675 2340 presentes
703 2297 971 2338 preconcesso
1001 2315 1009 2324 .
1044 2281 1256 2336 Quodque
1280 2281 1395 2323 idem
1424 2280 1664 2322 ROBERTUS
1695 2279 1740 2321 N
1744 2294 1919 2322 100LLEs
1943 2281 2184 2321 executores

230 2380 271 2418 et
292 2375 498 2432 assignati
519 2374 585 2416 sui
606 2375 749 2416 omnia
769 2375 916 2416 domos
937 2373 1102 2416 edificia
1123 2388 1170 2414 ac
1196 2372 1339 2413 omnia
1368 2387 1485 2427 sepes
1511 2371 1671 2414 fossata
1697 2371 1880 2413 inclusas
1903 2370 2049 2412 littora
2068 2369 2183 2425 ripas

230 2474 273 2510 et
293 2481 436 2509 muros
456 2465 711 2507 marittimos
731 2480 896 2507 necnon
925 2480 1070 2507 omnes
1096 2464 1201 2506 alias
1225 2463 1476 2505 necessarias
1499 2462 1789 2517 reparaciones
1816 2461 2116 2517 premissorum
2136 2461 2182 2502 in

232 2557 429 2601 omnibus
454 2561 496 2599 et
520 2571 595 2612 per
620 2556 764 2598 omnia
791 2557 845 2598 de
873 2560 1062 2611 tempore
1086 2555 1132 2596 in
1159 2560 1328 2609 tempus
1355 2554 1515 2596 tociens
1547 2552 1745 2608 quociens
1771 2566 1935 2594 necesse
1966 2554 2009 2593 et
2028 2565 2179 2607 oppor-

232 2653 388 2691 tunum
408 2647 540 2689 fuerit
560 2646 814 2702 sumptubus
835 2647 921 2688 suis
941 2646 1122 2701 propriis
1147 2649 1188 2687 et
1218 2645 1412 2700 expensis
1442 2644 1549 2686 bene
1580 2648 1621 2686 et
1651 2643 1905 2685 sufficienter
1927 2640 2185 2698 reparabunt

234 2738 548 2795 supportabant
568 2737 840 2780 sustinebunt
861 2736 1113 2780 escurabunt
1130 2735 1379 2792 purgabunt
1400 2739 1440 2776 et
1454 2733 1795 2776 manutenebunt
1808 2734 1989 2775 durante
2001 2732 2184 2774 termino

232 2830 421 2887 predicto
465 2862 473 2870 .
515 2828 582 2871 Ac
612 2829 815 2884 premissa
856 2829 1111 2871 sufficienter
1138 2830 1334 2883 reparata
1365 2826 1411 2867 in
1444 2826 1528 2866 fine
1563 2824 1738 2866 termini
1771 2823 1888 2865 illius
1920 2822 2140 2865 dimittent
2172 2855 2181 2864 .

232 2922 293 2964 Et
314 2921 509 2963 volumus
529 2935 577 2961 ac
597 2935 670 2975 per
691 2923 904 2974 presentes
925 2919 1192 2961 concedimus
1218 2917 1384 2972 prefato
1407 2916 1618 2958 ROBERTO
1640 2914 1861 2957 NICoLLEs
1891 2891 2184 2956 executoribus

233 3018 275 3054 et
297 3010 523 3067 assignatis
553 3010 639 3052 suis
659 3011 773 3066 quod
793 3009 900 3052 bene
922 3009 1065 3052 licebit
1096 3009 1155 3051 eis
1176 3009 1228 3050 de
1249 3012 1438 3063 tempore
1457 3007 1504 3048 in
1525 3011 1693 3061 tempus
1721 3019 1868 3060 capere
1897 3003 2109 3060 percipere
2138 3007 2180 3045 et
