2362 3392
343 224 456 266 2012

1079 431 1435 477 MOOOOXVII.

284 539 442 583 SALE
478 539 565 583 BY
597 539 767 582 JOHN
799 539 1056 583 THOMAS
1085 540 1289 585 DAVID
1323 541 1406 584 ΑΡ
1442 542 1719 587 HOWELL
1753 543 1832 586 OF
1873 544 2231 589 LANTWYTT

429 630 505 673 ΤΟ
565 629 779 673 JEUAN
837 630 920 673 ΑΡ
972 630 1142 674 JOHN
1202 631 1455 676 SANDOR
1516 633 1594 676 OF
1662 635 1706 676 A
1766 634 2099 678 MESSUAGE
2160 635 2232 679 IN

428 721 674 765 KENFIG
715 723 799 766 AT
840 723 1230 767 HEWLE-LAS.

999 838 1232 896 [MARGAM
1264 839 1522 897 CHARTER]

983 958 1039 999 28
1069 958 1233 1000 APRIL.
1297 960 1323 999 3
1354 972 1447 1000 AND
1479 960 1505 1000 4
1536 957 1670 1001 PmL.
1704 973 1797 1000 AND
1828 958 1982 1001 MARY.
2049 960 2171 1001 1557.

336 1056 546 1099 Omnibus
567 1072 600 1099 c.
624 1056 654 1098 f.
679 1072 715 1099 a.
740 1072 779 1113 q.
804 1072 844 1113 p.
868 1071 899 1099 s.
922 1072 963 1113 p.
995 1057 1025 1099 J
1029 1072 1239 1099 OHANNES
1270 1056 1460 1099 'Paomis
1492 1056 1649 1099 DAvm
1680 1072 1733 1113 ap
1766 1057 1972 1099 HOWELL
2004 1058 2057 1100 de
2082 1057 2230 1100 LANT-

275 1162 401 1190 WYTT
421 1148 467 1189 in
489 1148 694 1190 comitatu
716 1147 1035 1197 GLAMORGAN'‚
1057 1163 1287 1204 generosus
1308 1148 1488 1190 salutem
1511 1149 1556 1190 in
1579 1148 1751 1191 domino
1773 1149 2088 1204 sempiternam.

334 1239 552 1282 Noveritis
572 1254 640 1281 me
658 1238 875 1295 prefatum
895 1238 925 1281 J
927 1253 1153 1281 OHANNEM
1175 1239 1366 1281 THoMAs
1387 1240 1542 1281 Dum
1564 1254 1618 1295 ap
1641 1239 1846 1282 HOWELL
1877 1255 1953 1295 pro
1985 1244 2026 1283 et
2057 1241 2103 1282 in
2133 1254 2230 1282 con·

274 1330 532 1373 sideracione
554 1336 646 1372 octo
667 1329 874 1372 librarum
894 1330 1045 1386 legalis
1066 1333 1236 1373 monete
1266 1329 1450 1372 ANGLIE
1473 1329 1602 1372 michi
1623 1330 1898 1386 premanibus
1918 1331 2230 1386 persolutarum

271 1437 346 1478 per
377 1421 406 1465 J
410 1435 603 1463 EUANUM
639 1420 824 1463 SANDOR
857 1422 962 1464 alias
996 1423 1161 1465 dictum
1194 1422 1223 1465 J
1227 1437 1348 1464 EUAN
1386 1437 1440 1478 ap
1477 1422 1506 1465 J
1509 1437 1602 1464 oHN
1640 1421 1823 1465 SANDOR
1859 1423 1913 1464 de
1954 1421 2141 1464 KENFIG
2183 1422 2230 1464 in

268 1513 473 1556 comitatu
494 1513 682 1568 predicto
702 1528 861 1568 yoman
883 1513 1156 1569 premauibus
1177 1514 1360 1556 solutam
1381 1514 1434 1556 de
1465 1513 1620 1569 quibus
1641 1513 1778 1555 fateor
1799 1528 1867 1556 me
1887 1513 2154 1556 satisfactum
2174 1527 2221 1556 ac

271 1605 434 1648 dictum
466 1604 496 1647 J
499 1619 692 1647 EUANUM
728 1604 912 1647 SANDOR
951 1606 1052 1647 inde
1092 1620 1179 1648 esse
1213 1606 1407 1661 quietum
1445 1605 1671 1648 tradidisse
1707 1605 1954 1648 concessisse
1990 1605 2230 1648 vendidisse

268 1695 464 1738 ffeofasse
485 1695 797 1751 barganissasse
818 1711 865 1737 ac
886 1696 1052 1751 prefato
1074 1696 1228 1751 scripto
1250 1711 1344 1739 meo
1366 1696 1633 1738 confirmasse
1654 1696 1820 1752 prefato
1835 1695 1865 1738 J
1868 1711 2018 1738 EUANO
2040 1695 2222 1738 Sim-non

269 1801 404 1830 unum
425 1786 713 1842 messuagium
735 1801 832 1828 cum
853 1791 1035 1842 quatuor
1056 1787 1185 1829 acoris
1205 1791 1316 1829 terre
1346 1788 1486 1829 eidem
1516 1787 1804 1842 messuagium
1835 1787 2118 1842 spectantium
2139 1786 2224 1829 vell

270 1876 582 1934 pertinentibus
611 1876 768 1932 jacent'
801 1878 847 1919 in
878 1878 1074 1933 parochie
1106 1879 1159 1920 de
1188 1877 1404 1920 KENFmG
1436 1878 1482 1919 in
1513 1878 1719 1920 comitatu
1750 1877 1940 1934 predicto
1971 1877 2017 1919 in
2039 1878 2226 1933 quodam

271 1970 362 2011 loco
382 1968 544 2011 ibidem
564 1972 712 2010 vocato
735 1967 914 2010 HEwm:
938 1983 1014 2010 ως
1045 1973 1086 2011 et
1117 1969 1209 2025 jam
1239 1970 1284 2011 in
1317 1974 1468 2011 tenura
1499 1969 1714 2024 quendam
1745 1967 1996 2011 WILLELMI
2028 1967 2183 2010 LEw1s
2216 2002 2224 2010 .

275 2060 542 2104 Habendum
563 2064 605 2102 et
621 2061 857 2102 tenendum
872 2060 1110 2115 predictum
1127 2060 1414 2116 messuagium
1431 2074 1526 2102 cum
1547 2062 1730 2115 quatuor
1751 2058 1879 2101 accris
1895 2062 2005 2101 terre
2022 2058 2232 2102 arrabillis

218 2184 243 2201 ,,
272 2151 401 2194 horea
422 2150 594 2193 stubula
614 2150 751 2192 eidem
772 2150 1060 2206 messuagium
1091 2150 1378 2206 spectancium
1400 2150 1486 2192 sive
1516 2149 1727 2206 pertinen’
1760 2150 1899 2192 eidem
1927 2149 1956 2192 J
1961 2164 2152 2192 EUANUM
2174 2165 2228 2206 ap

276 2241 306 2285 J
309 2256 403 2283 OHN
426 2240 609 2283 SANDOR
629 2240 855 2283 heredibus
877 2246 918 2282 et
940 2241 1166 2296 assignatis
1187 2241 1274 2283 suis
1294 2241 1607 2296 imperpetuum
1630 2242 1682 2282 de
1698 2240 1890 2296 capitalis
1911 2240 2094 2282 dominis
2114 2240 2229 2283 feodi

275 2334 391 2375 illius
411 2348 486 2388 per
506 2333 688 2374 redittus
709 2335 751 2374 et
773 2331 947 2374 cervisia
969 2332 1069 2373 inde
1089 2332 1207 2387 prius
1228 2331 1372 2374 debita
1393 2336 1435 2373 et
1466 2332 1518 2373 de
1548 2331 1645 2387 jure
1675 2335 1875 2373 consueta
1908 2365 1916 2373 .
1951 2330 2011 2372 Et
2031 2346 2111 2387 ego
2132 2346 2231 2374 vero

276 2423 491 2480 predictus
525 2422 554 2465 J
557 2437 767 2464 OHANNEs
804 2422 994 2464 THoMAs
1030 2423 1185 2465 DAz-11>
1226 2439 1282 2479 ap
1321 2423 1528 2465 HOWELL
1580 2426 1622 2465 et
1656 2423 1831 2465 heredes
1870 2422 1954 2464 mei
1994 2422 2232 2477 predictum

275 2515 565 2570 messuagium
580 2514 709 2556 horea
724 2513 896 2556 stubula
909 2516 1092 2568 quatuor
1108 2529 1246 2556 accras
1261 2520 1370 2556 terre
1388 2514 1531 2555 arallis
1547 2528 1643 2556 cum
1656 2513 1838 2569 singulis
1854 2513 1940 2555 suis
1956 2512 2231 2568 pertinenciis

279 2609 321 2648 et
341 2604 552 2661 profficuis
578 2604 744 2660 prefato
767 2604 796 2646 J
800 2619 951 2646 EUANo
984 2604 1166 2647 SANDOR
1197 2604 1422 2648 heredibus
1452 2608 1495 2646 et
1530 2604 1756 2660 assignatis
1794 2603 1879 2645 suis
1916 2603 2230 2659 imperpetuum

278 2694 608 2738 waranttizabus
629 2699 671 2736 et
691 2695 1007 2751 imperpetuum
1028 2696 1308 2737 defendemus
1328 2710 1403 2750 per
1424 2697 1637 2750 presentes
1660 2728 1668 2737 .
1693 2693 1822 2736 Siatis
1842 2693 2016 2749 insuper
2039 2708 2107 2735 me
2137 2709 2231 2750 pre-

277 2786 418 2829 fatum
445 2786 474 2829 J
477 2800 703 2828 OHANNEM
734 2785 926 2828 THOMAS
955 2786 1110 2828 Dum
1141 2801 1194 2842 ap
1217 2786 1424 2829 HOWELL
1453 2785 1743 2828 constitueisse
1773 2785 1978 2840 assigasse
2008 2785 2233 2840 deputasse

279 2881 520 2920 atturnasse
540 2893 587 2919 ac
609 2878 654 2919 in
676 2877 767 2920 loco
787 2892 881 2920 meo
902 2877 1088 2933 posuisse
1110 2878 1284 2920 dilectos
1305 2878 1435 2919 michi
1465 2878 1511 2919 in
1543 2876 1739 2919 CHRISTO
1762 2874 1967 2918 THOMAM
1991 2876 2227 2917 AYLWARD

276 2972 317 3011 et
340 2968 369 3010 J
372 2983 521 3010 ANKIN
544 2967 746 3010 Momm
768 2969 820 3010 de
844 2967 1057 3011 KENFFIG
1080 2969 1125 3010 in
1158 2970 1362 3011 comitatu
1394 2968 1583 3023 predicto
1614 2965 1868 3023 gene[ro]so
1899 2980 2014 3008 meos
2044 2980 2162 3008 veros
2184 2970 2224 3007 et
