2362 3392
341 248 453 290 2008

1093 449 1424 493 MGCCCXIV.

283 580 576 624 EXTRACT
603 579 681 622 OF
707 577 914 621 COURT
942 576 1107 620 ROLL
1128 576 1207 619 OF
1232 575 1559 627 LALISTON,
1586 574 1918 619 WHEREBY
1943 574 2232 618 DIONISIA

428 669 786 714 DAUGHTER
827 668 905 711 OF
945 666 1292 711 LLEWELIN
1339 666 1422 709 ΑΡ
1472 664 1748 708 MIRIOKE
1792 664 1850 708 IS
1899 665 2233 709 ADMITTED

425 761 502 804 TO
544 762 587 804 A
638 759 973 802 MESSUAGE
1024 757 1160 801 AND
1212 756 1422 800 LANDS
1462 756 1587 799 FOR
1634 755 1851 799 THREE
1902 755 2100 800 LIVES.

1001 875 1233 932 [MARGAM
1265 873 1524 930 CHARTER.]

1097 991 1149 1032 21
1183 990 1367 1032 MARCH.
1434 991 1471 1041 1,
1493 990 1534 1041 2,
1557 989 1690 1031 Pan„
1714 1003 1807 1030 ΛΝΒ
1828 988 1984 1030 MARY.
2049 990 2174 1032 1555.

338 1086 579 1129 LALISTON.
655 1083 785 1127 Curia
820 1082 1106 1125 Dominorum
1141 1081 1359 1123 PH1L1PP1
1400 1084 1442 1122 et
1478 1079 1641 1121 Minna
1678 1079 1814 1135 Regis
1848 1082 1891 1121 et
1930 1079 2078 1135 regine
2117 1083 2238 1123 tenta

277 1177 437 1220 ibidem
466 1182 607 1218 xxsum·
639 1175 709 1218 die
740 1174 894 1217 Marcii
923 1173 1049 1216 annis
1080 1172 1334 1229 Regnorum
1354 1171 1642 1226 predictorum
1664 1169 1949 1212 Dominorum
1979 1169 2065 1213 Dei
2094 1170 2235 1226 gratia

280 1268 414 1324 Regis
446 1271 489 1309 et
520 1266 667 1323 regine
700 1265 885 1308 ANGLIE
927 1264 1163 1306 Fpfflxcm
1205 1262 1437 1305 NEAPOLIS
1471 1261 1741 1304 JERUSALEM
1783 1264 1825 1303 et
1861 1259 2103 1302 HIBERNIE
2136 1260 2236 1304 fidei

279 1358 551 1401 defensorum
582 1356 824 1412 principum
862 1355 1194 1397 HISPANIARUM
1239 1358 1281 1396 et
1325 1353 1500 1395 O1c1mss
1541 1351 1815 1394 archiducum
1844 1351 2049 1393 AUSTRIE
2080 1353 2238 1396 ducum

282 1449 582 1492 MEDIOLANIE
624 1448 905 1490 BURGUNDOE
937 1450 979 1488 et
1010 1445 1278 1487 BRABANCIE
1321 1443 1524 1486 comitum
1567 1442 1841 1484 HASPURGIE
1883 1441 2154 1485 FFLANDRIE
2193 1447 2237 1488 et

279 1540 531 1584 TIRROLLIE
562 1540 700 1595 primo
730 1541 772 1581 et
803 1538 986 1581 secundo
1017 1552 1158 1580 coram
1189 1535 1218 1578 J
1221 1549 1409 1577 OHANNE
1450 1534 1780 1577 TURBERVILLE
1811 1548 2013 1589 generoso
2044 1535 2235 1590 generali

281 1632 508 1675 senescallo
544 1631 754 1673 dictorum
792 1629 1079 1672 Dominorum
1116 1627 1251 1684 Regis
1284 1631 1325 1669 et
1359 1626 1506 1682 regine
1534 1629 1577 1668 et
1609 1625 1638 1668 J
1641 1639 1829 1666 OHANNE
1862 1623 2052 1667 THOMAS
2080 1624 2236 1668 DAUID

283 1724 506 1765 APHOELL
529 1723 734 1778 deputato
759 1720 956 1764 Gssonen
979 1720 1206 1762 HERBERT
1226 1718 1376 1760 militis
1397 1723 1500 1759 tunc
1520 1716 1712 1772 capitalis
1733 1715 1951 1757 senescalli
1977 1714 2148 1758 ibidem.

341 1813 416 1855 Ad.
453 1813 563 1855 hanc
594 1813 753 1854 curiam
786 1812 903 1854 venit
938 1810 1150 1854 DIONISIA
1178 1809 1303 1851 verch
1328 1808 1580 1850 LLEWELIN
1607 1822 1660 1861 ap
1693 1805 1900 1847 MnucKE
1935 1839 1942 1847 .
1975 1806 2037 1848 Et
2063 1806 2172 1862 petit
2196 1822 2239 1850 se

283 1903 455 1946 admitti
477 1904 530 1945 ad
552 1917 686 1945 vnum
707 1902 996 1959 messuagium
1019 1903 1104 1944 duo
1130 1900 1297 1957 cotagia
1323 1904 1364 1942 et
1396 1913 1529 1941 vnum
1554 1900 1847 1940 tenementum
1876 1897 2098 1940 continens
2122 1897 2168 1940 in
2197 1913 2239 1940 se

277 1994 433 2050 viginti
454 1995 560 2036 duas
587 2009 705 2036 acras
734 1999 843 2036 terre
875 1998 916 2036 et
948 1993 1059 2049 prati
1091 2007 1227 2048 nuper
1256 1992 1302 2033 in
1333 1995 1486 2033 tenura
1517 1989 1762 2031 AMABILLE
1795 1987 1919 2030 verch
1941 1987 2096 2030 DAmn
2129 2022 2137 2030 .
2172 1988 2233 2032 Et

278 2099 401 2141 super
421 2084 500 2128 hoc
520 2085 692 2140 puplica
711 2085 989 2140 proclamacio
1012 2085 1122 2127 facta
1143 2083 1227 2125 fuit
1250 2083 1294 2125 in
1317 2082 1443 2137 plena
1464 2080 1579 2122 curia
1601 2080 1635 2121 si
1666 2079 1773 2134 quie,
1795 2084 1889 2129 etc„
1912 2079 2024 2120 vnde
2045 2080 2100 2121 ad
2122 2079 2231 2122 hanc

284 2176 464 2217 eandem
485 2175 646 2217 curiam
667 2175 857 2231 predicta
878 2175 1091 2217 onxlsm
1116 2174 1226 2230 cepit
1261 2173 1500 2229 predictum
1531 2175 1826 2213 tenementum
1847 2169 1933 2211 sive
1954 2170 2243 2226 messuagium

284 2267 368 2309 duo
399 2266 566 2322 cotagia
596 2270 640 2308 et
671 2269 808 2309 cetera
838 2266 1042 2322 premissa
1073 2280 1169 2307 cum
1202 2264 1398 2307 omnibus
1430 2262 1516 2305 suis
1546 2260 1821 2317 pertinenciis
1852 2260 1961 2302 sicut
1992 2260 2169 2303 fuerunt
2196 2260 2242 2303 in

284 2361 438 2399 tenura
458 2355 644 2411 predicte
666 2355 912 2398 AMABILLE
945 2390 955 2399 .
988 2355 1255 2399 Habendum
1278 2359 1319 2396 et
1342 2353 1577 2395 tenendum
1608 2351 1687 2394 sibi
1718 2354 1760 2392 et
1792 2349 2088 2393 ELIZABETHE
2111 2351 2241 2394 sorori

283 2447 394 2488 dicte
415 2446 628 2488 Dmmsn:
650 2451 692 2488 et
713 2446 742 2489 J
745 2461 922 2489 ANKINO
943 2447 1054 2490 dicte
1076 2447 1290 2489 DIONISIE
1314 2444 1402 2487 filio
1423 2444 1478 2486 ad
1499 2443 1732 2486 terminum
1753 2441 1839 2484 vite
1859 2441 2032 2484 illorum
2052 2446 2095 2484 et
2116 2441 2242 2484 Vnius

284 2537 456 2579 illorum
487 2536 649 2579 diutius
679 2537 863 2580 viventis
897 2538 1131 2580 secundum
1165 2535 1516 2579 consuetudinem
1545 2533 1725 2575 manerii
1751 2532 1932 2588 predicti
1965 2566 1973 2574 .
2008 2532 2246 2575 Reddendo

287 2627 387 2670 inde
408 2627 633 2670 annuatim
653 2627 830 2683 prefatis
861 2628 1045 2671 dominis
1075 2628 1301 2670 heredibus
1331 2630 1373 2668 ct
1405 2622 1707 2667 successoribus
1738 2623 1823 2665 suis
1854 2637 1987 2665 vnum
2017 2623 2245 2665 annualem

285 2718 501 2760 redditum
531 2718 688 2774 viginti
719 2719 844 2761 Vnius
875 2719 1105 2762 solidorum
1146 2724 1185 2760 et
1228 2732 1303 2759 sex
1343 2715 1615 2758 denariorum
1656 2714 1909 2756 soluendum
1949 2714 2003 2755 ad
2045 2713 2248 2756 terminos

286 2808 447 2851 ibidem
467 2809 635 2851 vsuales
666 2824 764 2852 cum
795 2816 906 2852 secta
937 2810 1050 2852 curie
1081 2814 1123 2851 et
1154 2809 1315 2851 herieto
1347 2821 1443 2848 cum
1474 2805 1626 2847 accidit
1647 2809 1689 2846 et
1721 2804 1864 2846 omnia
1885 2803 1970 2845 alia
1990 2803 2183 2846 redditus
2205 2807 2249 2846 et

289 2898 464 2940 servicia
493 2898 595 2941 inde
627 2899 830 2942 exeuncia
859 2900 960 2942 inde
1001 2900 1118 2955 prius
1149 2899 1292 2941 debita
1323 2902 1365 2939 et
1396 2898 1448 2938 de
1479 2895 1575 2952 jure
1606 2897 1805 2936 consueta
1837 2927 1845 2935 .
1879 2893 1940 2936 Et
1970 2894 2045 2936 dat
2076 2893 2249 2936 domino

286 2990 338 3031 de
370 2988 455 3031 fine
489 3003 564 3044 pro
600 2989 797 3046 ingressu
834 2990 934 3032 inde
968 2990 1164 3033 habendo
1199 2993 1325 3045 prout
1357 2991 1477 3044 patet
1511 2986 1556 3028 in
1594 2984 1732 3040 capite
1780 3017 1786 3024 .
1837 2983 1897 3025 Et
1929 2983 2031 3026 fecit,
2065 2983 2249 3026 dominis
