2362 3392
2022 235 2131 277 1879

234 438 371 493 quivis
401 438 509 480 alius
539 440 739 480 externus
774 437 992 493 episcopus
1024 471 1032 479 .
1066 437 1180 480 Item
1202 439 1315 494 quod
1342 438 1488 481 nullus
1520 442 1712 483 nostrum
1741 440 1787 483 in
1817 441 1907 483 ulIa
1937 456 2052 484 sacra
2083 457 2185 485 con-

236 528 354 571 cione
393 528 595 583 privatim
623 528 690 571 vel
726 527 895 584 publice
929 528 1125 571 habenda
1165 531 1348 572 eundem
1384 531 1627 586 episcopum
1672 531 1914 575 Romanum
1954 533 2187 588 appellabit

235 619 406 662 nomine
446 619 564 676 Pape
604 623 679 662 aut
714 620 869 662 summi
909 620 1119 675 pontificis
1159 622 1232 663 sed
1267 621 1439 664 nomine
1474 622 1658 678 episcopi
1695 622 1881 666 Romani
1918 624 1985 666 vel
2018 624 2186 666 ecclesie

235 711 429 754 Romane
462 744 470 753 .
504 710 564 752 Et
604 711 718 766 quod
746 710 891 753 nullus
920 716 1112 753 nostrum
1141 711 1278 754 orabit
1314 727 1390 768 pro
1423 727 1471 755 eo
1501 716 1708 768 tanquam
1738 728 1849 770 papa
1881 715 1953 756 sed
1982 717 2187 770 tanquam

232 802 425 858 episcopo
466 801 662 844 Romano
710 835 718 844 .
762 800 876 844 Item
917 803 1031 857 quod
1067 802 1144 844 soli
1179 802 1292 845 dicto
1328 803 1501 845 domino
1536 803 1649 859 Regi
1682 807 1725 846 et
1757 804 2061 847 successoribus
2102 805 2187 847 suis

234 893 531 936 adherebimus
564 897 606 935 et
636 892 731 949 ejus
761 894 876 950 leges
909 908 956 935 ac
989 894 1156 936 decreta
1183 894 1556 938 manutenebimus
1588 895 1771 951 episcopi
1804 896 1991 939 Romani
2022 895 2190 952 legibus

233 983 411 1026 decretis
432 986 474 1025 et
495 983 726 1026 canonibus
747 999 829 1039 que
851 987 998 1026 contra
1018 985 1158 1040 legem
1181 985 1372 1028 divinam
1393 989 1435 1027 et
1457 1000 1617 1028 sacram
1648 986 1900 1042 scripturam
1936 990 2011 1029 aut
2045 990 2191 1029 contra

232 1075 331 1131 jura
351 1074 483 1130 hujus
502 1075 627 1131 regni
643 1089 730 1117 esse
758 1075 1031 1117 invenientur
1051 1075 1366 1131 imperpetuum
1387 1077 1682 1120 renuntiantes
1717 1111 1725 1119 .
1758 1077 1873 1120 Item
1901 1078 2015 1133 quod
2045 1078 2190 1120 nullus

233 1170 425 1209 nostrum
454 1167 646 1209 omnium
678 1167 724 1208 in
757 1166 846 1208 ulla
886 1166 954 1208 vel
988 1166 1153 1221 privata
1188 1167 1255 1208 vel
1295 1167 1466 1222 publica
1506 1169 1703 1211 concione
1744 1169 1973 1224 quicquam
2007 1184 2029 1211 e
2063 1169 2189 1212 sacris

234 1258 453 1314 scripturis
492 1258 766 1313 desumptum
817 1258 872 1299 ad
912 1257 1100 1299 alienum
1141 1272 1310 1300 sensum
1352 1259 1602 1314 detorquere
1643 1263 1857 1315 presumet
1899 1260 1971 1302 sed
2012 1259 2191 1315 quisque

235 1349 473 1392 CHRISTUM
534 1348 711 1404 ejusque
787 1347 915 1390 verba
984 1352 1024 1389 et
1105 1348 1219 1390 facta
1296 1349 1543 1404 simpliciter
1606 1353 1751 1405 aperte
1823 1350 1981 1393 sincere
2045 1353 2088 1393 et
2137 1351 2192 1393 ad

238 1455 431 1482 normam
480 1454 554 1481 seu
612 1438 807 1495 regulam
854 1453 1066 1481 sacrarum
1117 1439 1421 1495 scripturarum
1461 1444 1504 1482 et
1564 1456 1660 1482 vere
1715 1440 2019 1484 catholicorum
2065 1444 2193 1497 atque

240 1531 571 1573 orthodoxorum
605 1530 825 1572 doctorum
860 1529 1094 1584 predicabit
1131 1530 1335 1573 catholice
1376 1535 1417 1573 et
1455 1531 1687 1575 orthodoxe
1721 1565 1729 1573 .
1762 1531 1876 1574 Item
1912 1533 2028 1588 quod
2062 1548 2193 1575 unus-

237 1621 414 1677 quisque
494 1625 687 1663 nostrum
752 1621 797 1662 in
860 1620 946 1662 suis
1016 1620 1280 1663 oracionibus
1346 1626 1387 1663 et
1469 1623 1877 1678 comprecacionibus
1939 1625 1992 1666 de
2076 1639 2192 1667 more

237 1711 444 1754 faciendis
512 1712 698 1766 primum
768 1711 959 1753 omnium
1023 1711 1189 1768 Regem
1252 1715 1460 1768 tanquam
1521 1728 1766 1769 supremum
1829 1715 1967 1770 capud
2024 1715 2194 1757 ecclesie

238 1804 509 1847 ANGLIOANE
531 1803 624 1845 Deo
641 1805 683 1845 et
704 1802 851 1858 populi
872 1802 1139 1858 presentibus
1160 1803 1473 1846 commendabit
1486 1805 1641 1847 deinde
1659 1805 1879 1861 Reginam
1899 1805 2076 1848 ANNAM
2098 1821 2194 1849 cum

233 1911 308 1938 sua
339 1895 479 1937 sobole
510 1900 604 1937 tum
635 1895 808 1936 demum
851 1894 1183 1950 archiepiscopos
1225 1894 1614 1938 CANTUARIENSEM
1648 1899 1690 1938 et
1723 1895 2057 1939 EBORACENSEM
2095 1912 2192 1940 cum

235 1987 382 2029 ceteris
402 1986 502 2028 cleri
522 1984 743 2028 ordinibus
763 1987 889 2040 prout
912 1984 1140 2027 videbitur.
1203 1985 1318 2027 Item
1339 1987 1452 2041 quod
1483 2001 1559 2029 nos
1590 2002 1736 2029 omnes
1767 1990 1809 2030 et
1830 1988 1992 2044 singuli
2013 1988 2193 2044 predicti

236 2081 278 2119 et
318 2091 569 2119 successores
608 2076 743 2118 nostri
784 2076 1039 2118 conscientia
1080 2080 1122 2118 et
1161 2076 1457 2132 jurisjurando
1498 2081 1760 2121 sacramento
1808 2081 1975 2122 nosmet
2015 2079 2193 2122 firmiter

237 2167 476 2224 obligamus
506 2168 619 2223 quod
650 2167 794 2209 omnia
824 2170 866 2209 et
897 2167 1068 2223 singula
1098 2167 1289 2222 predicta
1318 2167 1501 2210 fideliter
1521 2168 1838 2224 imperpetuum
1858 2168 2189 2211 observabimus.

235 2258 291 2300 In
312 2258 435 2314 cujus
454 2258 516 2300 rei
535 2258 828 2300 testimonium
849 2257 1041 2313 sigillum
1061 2262 1254 2300 nostrum
1285 2272 1507 2300 commune
1538 2258 1636 2301 huic
1667 2259 1822 2315 scripto
1853 2263 1997 2302 nostro
2028 2274 2187 2316 appen-

237 2350 378 2392 dimus
398 2353 441 2392 et
460 2353 604 2392 nostra
624 2349 799 2391 nomina
819 2349 990 2405 propria
1012 2349 1190 2404 quisque
1209 2363 1341 2391 manu
1362 2348 1695 2405 subscripsimus.

298 2440 462 2483 Datum
493 2440 539 2482 in
575 2441 701 2482 domo
735 2443 879 2482 nostra
915 2439 1138 2495 capitulari
1174 2445 1252 2481 XJ0·
1278 2440 1346 2482 die
1382 2440 1539 2483 mensis
1580 2440 1841 2496 Septembris
1877 2456 1989 2484 anno
2025 2442 2188 2485 domini

237 2531 462 2574 millesimo
484 2531 827 2587 quingentesimo
849 2532 1064 2572 xxxnIJtO·

902 2621 1083 2677 Dopnus
1114 2621 1303 2665 THOMAs
1333 2622 1513 2665 BYSLEY
1543 2623 1658 2679 prior
1678 2624 1731 2666 de
1752 2624 1962 2679 Ewenny.

901 2713 1083 2769 Dopnus
1114 2713 1303 2756 THOMAs
1335 2713 1464 2757 ΤΟΚῩ
1493 2714 1724 2757 monachus
1754 2714 1925 2757 ibidem.

900 2803 1080 2860 Dopnus
1110 2803 1396 2847 W1LLELMUs
1428 2805 1652 2847 BRANCHE
1673 2804 1905 2847 monahcus
1924 2804 2095 2848 ibidem.

294 2896 589 2939 Endorsed—-‘
607 2895 886 2953 Ewenn[y].'

294 2988 372 3017 This
387 2987 466 3017 deed
480 2987 507 3016 is
523 2987 649 3016 stained
665 2987 698 3016 in
714 2987 838 3017 several
854 2990 953 3023 parts.
995 2986 1064 3016 The
1079 2987 1262 3025 signatures
1277 2996 1330 3017 are
1351 2988 1545 3026 autograph.
