2362 3392
210 248 322 291 1668

147 456 342 512 legitime
361 455 589 511 procreatis
611 455 705 497 volo
726 454 841 510 quod
860 457 964 496 tunc
986 452 1174 509 predicte
1205 452 1429 495 duodecim
1459 467 1552 495 acre
1582 454 1694 495 terre
1724 451 1838 508 prati
1869 454 1911 494 et
1931 454 2105 507 pasture

147 562 244 589 cum
273 545 546 602 pertinenciis
575 545 683 587 mihi
712 544 878 600 prefato
907 543 937 586 J
940 557 1118 585 OHANNI
1150 547 1192 584 et
1232 541 1457 585 heredibus
1487 543 1591 585 meis
1621 542 1788 598 integre
1817 544 2098 584 revertantur.

149 637 206 680 In
242 636 365 693 cujus
400 637 462 679 rei
494 635 789 679 testimonium
821 634 898 677 uni
930 637 1051 690 parte
1083 633 1261 689 hujusce
1296 636 1408 675 carte
1444 634 1665 675 indentate
1698 648 1825 689 penes
1864 632 2104 688 predictum

148 728 450 772 WILLELMUM
473 727 668 770 RAGLAN
689 725 928 775 remanenti
948 740 1028 781 ego
1048 724 1240 780 prefatus
1261 724 1289 767 J
1293 739 1502 767 OHANNES
1533 724 1725 781 sigillum
1747 738 1890 766 meum
1910 723 2101 779 apposui.

148 820 252 862 Hiis
283 819 462 862 testibus
494 852 503 862 .
537 819 750 862 Romano
782 817 976 860 RAGLAN
1011 851 1018 859 .
1052 816 1272 859 JOHANNE
1305 831 1358 872 ap
1389 815 1419 859 J
1422 831 1544 858 EVAN
1575 831 1629 871 ap
1661 815 1852 858 THOMAS
1879 849 1887 857 .
1911 814 2103 857 JANKYN

145 911 373 954 FLEMYNG
407 944 416 953 .
450 910 656 952 HOWELL
687 925 740 965 ap
772 908 941 951 Pmmp
973 924 1026 964 ap
1058 907 1246 950 Tnoms
1279 941 1287 950 .
1320 907 1510 950 JANKYN
1544 907 1738 950 HOSKYN
1774 940 1782 949 .
1816 906 1845 949 J
1850 921 1901 949 Ac
1940 906 2059 948 szs
2093 940 2100 948 .

149 1002 340 1045 THOMAS
361 1002 555 1045 Yonom
579 1036 587 1044 .
612 1004 654 1044 et
675 1001 824 1042 multis
844 1000 951 1042 aliis,

204 1094 322 1136 Data
341 1095 457 1150 apud
477 1092 698 1135 LANTWIT
719 1092 959 1148 predictum
979 1095 1131 1147 quarto
1153 1091 1221 1133 die
1239 1090 1432 1133 Octobris
1448 1106 1561 1133 anno
1577 1091 1702 1146 regni
1720 1089 1853 1146 Regis
1873 1089 2099 1131 EDWARDI

149 1185 291 1241 quarti
311 1187 407 1241 post
428 1187 704 1240 conquestum
725 1184 910 1226 AxGLm
933 1183 1098 1238 quinto.

210 1276 302 1318 The
322 1276 436 1318 label
456 1276 654 1327 remains,
676 1275 755 1317 but
775 1275 848 1317 the
871 1275 956 1317 seal
978 1275 1013 1316 is
1036 1289 1159 1330 gone.

1027 1891 1253 1934 MCCXV.

161 2003 377 2048 GRANT
420 2002 507 2045 BY
549 2001 799 2044 ROBERT
841 2001 1009 2044 VELE
1049 2000 1184 2043 AND
1226 1999 1447 2042 ALIOIA
1487 1999 1655 2043 VELE
1698 1999 1804 2042 HIS
1845 2000 2113 2043 MOTHER

305 2094 384 2136 OF
438 2092 804 2136 MESSUAGES
846 2092 980 2135 AND
1024 2090 1232 2134 LANDS
1273 2091 1345 2133 IN
1391 2090 1749 2134 LYSWORNY
1792 2090 1868 2133 ΤΟ
1910 2091 2113 2135 LEWIS

307 2184 629 2228 RAGLAND.

937 2240 1008 2298 [T.
1043 2239 1338 2296 FRANKLYN]

1299 2349 1324 2388 6
1356 2347 1472 2390 Nox:
1552 2350 1576 2389 5
1608 2349 1736 2391 Emv.
1771 2348 1852 2392 IV.
1929 2350 2054 2391 1465.

217 2459 428 2502 Omnibus
457 2459 503 2500 in
535 2458 732 2501 Omusro
772 2456 968 2499 fidelibus
999 2457 1053 2498 ad
1084 2471 1188 2511 quos
1218 2471 1402 2511 praesens
1433 2461 1547 2499 carta
1577 2458 1800 2500 indentata
1829 2459 2068 2513 pervenerit
2101 2492 2108 2500 .

157 2551 398 2594 Ronmws
416 2549 546 2593 VELE
568 2549 753 2604 armiger
773 2549 886 2590 filius
907 2551 950 2590 et
969 2547 1104 2589 haeres
1123 2547 1152 2590 J
1156 2562 1356 2589 OHANNIS
1386 2546 1516 2592 VELE
1548 2551 1590 2590 et
1619 2548 1784 2591 Auem
1815 2548 1944 2591 VELE
1975 2564 2111 2605 nuper

158 2657 266 2685 uxor
286 2641 479 2697 ejusdem
499 2640 528 2683 J
531 2654 730 2682 OHANNJs
751 2640 944 2681 salutem.

216 2732 435 2775 Noveritis
474 2746 551 2773 nos
590 2731 822 2786 praefatum
862 2731 1118 2773 ROBERTUM
1145 2735 1187 2773 et
1227 2730 1429 2773 ALICIAM
1471 2731 1635 2773 dedisse
1676 2731 1925 2773 concessisse
1953 2736 1995 2773 et
2034 2731 2113 2774 hac

157 2823 359 2880 praesenti
381 2825 496 2864 carta
517 2825 662 2864 nostra
683 2822 909 2863 indentata
940 2822 1207 2864 confirmasse
1238 2821 1471 2864 LUDox'Ico
1503 2821 1729 2863 RAGLAND
1760 2822 1844 2863 duo
1875 2822 2115 2878 messuagia

160 2918 203 2957 et
219 2914 436 2970 octaginta
452 2916 494 2955 et
510 2928 641 2955 unam
658 2928 799 2955 acram
814 2916 938 2955 terrae
952 2914 1064 2968 prati
1078 2916 1120 2955 et
1136 2916 1321 2968 pasturae
1337 2928 1434 2955 cum
1449 2912 1719 2968 pertinentiis
1735 2913 1780 2954 in
1793 2912 2112 2956 LESWRUNNY.

161 3006 276 3047 unde
299 3004 503 3060 praedicta
523 3004 608 3045 duo
630 3004 869 3060 messuagia
888 3004 1064 3046 insimul
1080 3003 1225 3059 jacent
1246 3004 1292 3046 in
1313 3004 1416 3046 villa
1437 3004 1488 3046 de
1510 3003 1799 3045 LESWRONNY
1819 3003 1865 3045 in
1885 3006 2005 3058 parte
2021 3019 2116 3047 aus-
