2362 3392
275 184 387 227 1712

213 392 329 435 infra
350 393 539 435 ffeodum
560 392 784 435 comitatus
805 391 1166 434 GLAMORGANCIE
1187 394 1494 432 commorantes
1514 396 1556 432 et
1586 389 1875 433 inhabitantes
1895 391 1947 432 de
1968 391 2158 433 custodia

211 488 254 526 et
283 485 534 541 vigilacione
565 484 744 541 predicti
773 483 802 526 J
806 497 927 524 EVAN
959 482 1123 524 onerati
1152 496 1307 537 penam
1335 481 1652 524 incumbentem
1680 482 1962 524 incurrerunt.
2032 481 2156 524 Alios

211 591 308 618 vero
338 580 531 619 tenentes
561 576 752 632 ejusdem
784 573 979 630 parochie
1010 573 1062 615 de
1102 572 1404 625 LANGONYTH,
1435 573 1631 615 videlicet
1666 573 1780 614 infra
1813 573 2075 615 territorium
2114 577 2156 615 et

208 666 550 721 jurisdictionem
589 666 767 722 predicti
807 664 972 728 abbatis
1021 664 1073 706 de
1124 662 1342 705 MORGAN’
1384 663 1673 706 inhabitantes
1709 680 1733 705 a
1768 663 2082 706 contribucione
2114 666 2157 706 et

210 757 423 800 solucione
444 757 692 813 hujusmodi
707 771 815 812 pene
836 755 1050 798 occasione
1066 754 1365 810 premissorum
1386 754 1650 796 decernimus
1668 760 1709 796 et
1726 754 1989 796 declaramus
2003 754 2157 797 liberos

211 851 254 889 et
273 848 484 890 immunes
503 862 578 903 per
597 850 821 903 presentes.
884 846 940 888 In
963 845 1086 901 cujus
1105 845 1166 887 rei
1197 844 1490 887 testimonium
1511 845 1700 901 sigillum
1723 848 1917 887 nostrum
1939 846 1994 886 ad
2015 860 2159 887 causas

206 939 471 994 presentibus
491 939 648 995 apponi
668 938 858 980 fecimus.

266 1031 430 1072 Datum
451 1031 566 1085 apud
587 1028 822 1071 LANDAFF’
847 1028 997 1084 quinto
1018 1027 1087 1069 die
1118 1027 1146 1070 J
1150 1026 1226 1069 ulii
1248 1041 1361 1068 anno
1382 1026 1544 1068 domini
1576 1027 1800 1069 millesimo
1832 1033 1980 1069 ccccm·
2016 1030 2157 1082 septu-

209 1121 370 1177 gesimo
391 1121 570 1176 septimo
593 1154 602 1162 .
625 1120 686 1163 Et
706 1122 847 1162 nostre
869 1118 1192 1162 consecrationis
1212 1133 1325 1160 anno
1346 1118 1496 1173 primo.

267 1212 562 1255 Endorsed-‘
582 1212 665 1254 Fre
685 1212 797 1254 from
819 1209 1174 1253 Contribucions.’

264 1301 375 1355 Seal,
397 1303 472 1345 red
493 1318 601 1354 wax,
623 1302 858 1358 imperfect.
920 1302 963 1343 A
986 1301 1149 1356 Bishop
1170 1301 1216 1342 in
1237 1316 1262 1342 a
1286 1299 1440 1343 Gothic
1460 1300 1595 1342 niche.

722 1393 808 1421 John
826 1392 942 1429 Smith,
958 1392 1133 1430 appointed
1150 1391 1282 1428 Bishop,
1297 1390 1387 1429 July,
1406 1392 1490 1428 1476,
1506 1390 1550 1419 ob.
1571 1391 1652 1420 1478*

1012 1663 1361 1707 MCCXXXIV.

212 1783 608 1827 INSPEXIMUS
664 1783 749 1826 BY
806 1781 1110 1834 RIOHARD,
1163 1781 1343 1823 DUKE
1404 1780 1482 1823 OF
1546 1779 1965 1832 GLOUOESTER,
2026 1779 2160 1822 AND

357 1874 495 1917 ANN
536 1874 644 1917 HIS
687 1874 869 1927 WIFE,
907 1874 985 1916 OF
1025 1874 1068 1916 A
1111 1872 1411 1915 OHARTER
1454 1871 1532 1914 OF
1573 1871 1854 1915 EDWARD
1896 1871 1977 1914 IV.
2023 1871 2163 1914 CON-

360 1965 641 2009 FIRMING
681 1964 1061 2009 PRIVILEGES
1104 1963 1179 2006 TO
1223 1963 1511 2006 OARDIFF.

976 2088 1151 2145 [Fon-TE
1186 2086 1412 2143 INcERTo]

1323 2196 1377 2236 20
1409 2194 1537 2236 Smer.
1604 2196 1654 2236 17
1686 2193 1813 2236 Enw.
1838 2193 1920 2237 IV.
1984 2195 2108 2236 1477.

284 2306 514 2348 RICARDUS
547 2304 648 2347 Dux
685 2304 993 2346 GLOUCEs'rRIE
1022 2305 1357 2346 constabularius
1389 2308 1430 2345 et
1463 2303 1710 2345 admiralius
1741 2303 1925 2344 ANGLIE
1957 2301 2169 2345 Dominus

222 2398 274 2439 de
311 2397 628 2439 BERGAVENNY
668 2395 968 2438 GLAMORGAN'
1006 2400 1047 2437 et
1081 2395 1402 2437 MORGANNOCK
1431 2401 1473 2436 et
1500 2394 1640 2436 ANNA
1670 2409 1838 2435 consors
1871 2408 1966 2435 mea
2000 2393 2169 2436 ballivis

223 2488 506 2543 burgensibus
537 2487 877 2529 inhabitantibus
907 2486 1152 2529 tenentibus
1183 2489 1225 2528 et
1255 2485 1538 2528 residentibus
1568 2485 1668 2526 ville
1704 2489 1844 2527 nostre
1880 2486 1932 2526 de
1969 2485 2168 2527 CARDIFF

229 2580 421 2622 salutem.

288 2670 561 2725 Inspeximus
600 2669 744 2711 literas
784 2672 979 2724 patentes
1024 2668 1186 2710 domini
1231 2668 1363 2709 nostri
1413 2667 1546 2723 Regis
1594 2682 1707 2709 nunc
1758 2665 1983 2707 EDWARDI
2034 2667 2175 2722 quarti

231 2776 412 2817 quarum
437 2762 587 2802 datum
612 2764 674 2801 est
702 2760 898 2801 vicesimo
930 2760 1108 2816 septimo
1139 2760 1208 2801 die
1238 2759 1394 2801 mensis
1426 2758 1574 2800 Martii
1607 2772 1718 2800 anno
1750 2758 1874 2813 regni
1907 2757 2041 2810 Regis
2073 2758 2176 2800 dicti

233 2852 395 2895 domini
416 2852 551 2908 Regis
572 2851 722 2906 quinto
752 2850 963 2907 [Mccxn.]
999 2851 1123 2892 dictis
1143 2850 1311 2892 ballivis
1332 2848 1615 2906 burgensibus
1635 2851 1677 2890 et
1697 2848 2037 2890 inhabitantibus
2064 2849 2176 2891 dicte

227 2943 326 2985 ville
355 2946 497 2985 nostre
519 2942 849 2984 confirmationis
870 2942 922 2984 de
950 2941 1145 2983 omnibus
1176 2940 1444 2983 libertatibus
1475 2938 1847 2981 commoditatibus
1869 2939 2115 2981 franchesiis
2135 2943 2178 2982 et
