2362 3392
1931 226 2042 268 1687

141 432 386 475 hominibus
425 432 746 489 quibuscunque
778 434 893 477 infra
935 438 1091 478 terram
1121 439 1310 478 nostram
1342 435 1466 478 dictis
1496 434 1714 477 monachis
1744 449 1957 477 concessas
1987 437 2100 477 ratas

142 523 347 566 habentes
377 527 420 567 et
450 528 595 581 gratas
615 540 685 567 eas
705 541 781 582 pro
803 525 925 568 nobis
947 529 989 569 et
1010 526 1236 569 heredibus
1259 526 1413 569 nostris
1434 526 1634 582 predictis
1654 525 1872 568 monachis
1891 528 1933 568 et
1954 540 2100 568 eorum

141 615 443 658 successoribus
464 616 732 658 concedimus
752 617 1007 659 innovamus
1027 617 1286 660 ratificamus
1308 621 1350 659 et
1371 617 1670 660 confirmamus
1691 617 1963 672 quantumin
1977 616 2099 658 nobis

140 709 204 750 est
223 707 270 749 in
289 711 555 763 perpetuum.
617 707 824 751 Volentes
845 711 886 751 et
908 710 1183 751 concedentes
1204 710 1317 765 quod
1338 709 1418 751 iste
1439 711 1552 751 carte
1573 707 1858 751 concessiones
1878 708 2099 751 confirma-

138 798 275 841 tiones
307 803 349 841 et
384 799 748 855 appropriationes
784 799 958 841 licencie
991 800 1230 855 supradicte
1263 802 1306 842 et
1341 814 1489 842 omnes
1516 798 1599 842 alie
1620 802 1733 841 carte
1758 802 1800 841 et
1831 799 1987 855 scripta
2017 813 2099 854 que

140 890 300 933 habent
320 891 373 932 de
390 889 512 932 nobis
532 894 574 932 et
597 890 780 947 singulis
800 890 1132 933 antecessoribus
1153 891 1308 933 nostris
1328 893 1371 933 et
1386 890 1440 933 ab
1461 890 1556 933 aliis
1576 890 1720 933 liberis
1740 889 1984 933 hominibus
2005 890 2098 946 qui-

138 980 385 1037 buscunque
415 981 461 1023 in
492 981 689 1024 omnibus
719 981 805 1024 suis
834 981 1105 1025 libertatibus
1134 982 1312 1024 firmiter
1343 987 1385 1025 et
1415 981 1720 1025 inviolabiliter
1751 981 2026 1025 observentur
2055 981 2101 1024 in

138 1076 391 1130 perpetuum
424 1073 568 1129 aliqua
604 1073 916 1129 interruptione
952 1088 1039 1116 non
1075 1073 1282 1116 obstante.
1345 1073 1401 1116 In
1433 1073 1557 1129 cujus
1586 1073 1648 1116 rei
1680 1073 1975 1116 testimonium
2004 1073 2103 1116 huic

138 1165 324 1221 presenti
337 1168 449 1207 carte
470 1169 612 1207 nostre
632 1165 824 1221 sigillum
838 1165 1084 1207 cancellarie
1099 1169 1239 1208 nostre
1256 1166 1308 1208 de
1329 1165 1545 1208 KAERDIF
1562 1165 1764 1208 duximus
1780 1166 2099 1221 apponendum.

142 1256 229 1299 His
260 1257 438 1299 testibus
471 1291 479 1299 .
513 1256 746 1299 venerabili
776 1259 898 1312 patre
928 1256 971 1298 in
1006 1256 1204 1299 CHRISTO
1245 1256 1275 1300 J
1278 1271 1468 1299 OHANNE
1509 1257 1747 1299 PASCHALL
1781 1256 2105 1300 LANDAvENsrs

142 1349 313 1392 ecclesie
345 1349 536 1405 episcopo
570 1382 578 1390 .
611 1347 786 1390 domino
817 1347 847 1391 J
850 1362 1038 1390 OHANNE
1070 1348 1123 1391 de
1155 1348 1399 1391 COVENTRE
1431 1350 1535 1391 tunc
1562 1349 1756 1405 ejusdem
1777 1349 1948 1392 ecclesie
1968 1349 2103 1391 archi-

144 1440 345 1484 diacono.
363 1440 548 1483 dominis
565 1439 801 1482 Gmmnro
820 1440 872 1481 de
888 1439 1155 1482 ELLESFELD
1176 1443 1280 1482 tunc
1295 1440 1540 1483 vicecomite
1555 1444 1699 1483 nostro
1715 1441 1768 1483 de
1785 1439 2074 1484 GLAMORGAN
2093 1476 2101 1483 .

145 1531 350 1574 RmARoo
371 1531 424 1573 de
445 1529 759 1573 TURBERVILL'
784 1564 792 1572 .
817 1529 1023 1572 OLIVERO
1046 1530 1098 1573 de
1115 1529 1286 1573 SANc'ro
1303 1530 1333 1573 J
1336 1545 1525 1573 OHANNE
1545 1564 1554 1573 .
1572 1530 1602 1574 J
1604 1545 1793 1573 OHANNE
1809 1531 1849 1573 le
1865 1531 2072 1574 Nonnms
2095 1566 2104 1574 .

142 1622 379 1665 EDWARno
419 1623 472 1664 de
515 1620 809 1664 STRADELING
852 1621 1062 1664 militibus
1104 1656 1112 1664 .
1156 1620 1415 1665 WILLELMO
1457 1621 1713 1664 FFLEMYNG
1757 1657 1766 1664 .
1809 1622 2025 1665 HEcho
2055 1624 2109 1666 de

143 1712 395 1756 LANDEFEY
422 1746 431 1754 .
455 1712 715 1756 WILLELMO
736 1710 895 1754 DENYs
916 1715 959 1755 et
980 1712 1087 1754 aliis.

204 1805 369 1848 Datum
399 1805 514 1860 apud
544 1802 762 1846 KAERDIF
794 1818 876 1845 ΧΠ.
910 1803 978 1845 die
1009 1802 1039 1845 J
1042 1803 1120 1845 ulii
1150 1818 1263 1846 anno
1294 1803 1417 1860 regni
1449 1803 1583 1860 Regis
1614 1803 1842 1846 EDWARDI
1874 1804 1991 1847 tertii
2013 1809 2107 1862 post

145 1898 424 1952 conquestum
443 1895 656 1937 tricesimo
678 1894 875 1936 secundo.
942 1893 1117 1951 [1358.]

200 1987 474 2044 Inspeximus
502 1986 682 2028 ulterius
718 1986 925 2041 quasdam
946 1985 1051 2028 alias
1072 1986 1217 2028 literas
1239 1989 1434 2042 patentes
1465 1986 1662 2029 chARm
1684 1987 1737 2029 de
1768 1986 1922 2029 BELLo
1944 1986 2101 2031 CAMPo

147 2078 313 2121 comitis
359 2076 626 2121 WARREWIC
666 2075 752 2133 [et]
792 2076 1099 2118 ALBEMARLIE
1133 2084 1174 2119 et
1215 2077 1378 2120 domini
1419 2075 1722 2119 GLAMORGAN'
1766 2080 1809 2119 et
1848 2077 2102 2120 MORGANIE

147 2171 282 2213 factas
302 2169 348 2211 in
370 2168 447 2210 hec
467 2167 595 2210 verba
616 2182 686 2209 :—

213 2262 288 2317 (3.)
324 2260 556 2303 RICARDUS
573 2259 625 2300 de
641 2258 795 2301 BELLO
818 2258 975 2301 OAMPO
996 2273 1134 2301 comes
1155 2258 1427 2302 WARREwlc
1449 2262 1490 2301 et
1511 2258 1820 2301 ALBEMARLIE
1841 2262 1885 2302 et
1906 2260 2105 2303 dominus

149 2352 509 2396 GLAMORGANCIE
541 2353 583 2392 et
613 2349 889 2391 MORGANCIE
921 2348 1118 2391 omnibus
1148 2349 1319 2392 ballivis
1350 2354 1392 2391 et
1413 2349 1619 2392 ministris
1641 2350 1795 2392 nostris
1816 2351 2101 2406 predictorum

148 2442 434 2486 dominiorum
476 2439 779 2483 GLAMORGAN'
818 2442 859 2482 et
899 2439 1115 2482 MORGAN'
1158 2441 1350 2497 salutem.
1425 2441 1496 2483 Ex
1538 2441 1661 2496 gravi
1696 2441 1868 2496 querela
1908 2442 2099 2498 religios-

148 2550 270 2578 orum
318 2533 506 2575 virorum
539 2536 581 2572 et
617 2533 832 2573 oratorum
867 2533 1109 2572 nostrorum
1149 2530 1315 2573 abbatis
1351 2535 1392 2574 et
1429 2535 1662 2573 conventus
1696 2532 1942 2574 monasterii
1977 2532 2099 2575 beate

147 2625 307 2668 MAR1E
329 2624 380 2666 de
410 2622 579 2665 NEETH
600 2621 836 2676 accepimus
857 2622 971 2676 quod
992 2621 1166 2677 quidam
1187 2621 1334 2664 ballivi
1355 2625 1397 2665 et
1426 2622 1613 2664 ministri
1634 2622 1769 2665 nostri
1788 2623 1968 2665 veniunt
1989 2623 2097 2667 circa

148 2717 307 2759 festum
337 2712 676 2756 Circumcisionis
706 2711 884 2754 Domini
911 2712 1135 2754 annuatim
1157 2727 1204 2755 ac
1225 2713 1319 2754 aliis
1340 2713 1516 2755 diversis
1536 2712 1698 2755 vicibus
1719 2713 1774 2754 ad
1793 2714 2097 2757 monasterium

146 2807 385 2863 predictum
406 2807 448 2846 et
468 2805 520 2845 de
541 2802 740 2859 predictis
761 2802 906 2845 abbati
927 2806 969 2845 et
990 2806 1201 2846 conventu
1222 2806 1376 2859 petunt
1397 2807 1440 2845 et
1463 2803 1676 2859 recipiunt
1696 2803 1881 2845 diversas
1911 2818 2096 2848 summas

148 2897 325 2955 pecunie
361 2895 533 2937 nomine
568 2894 685 2936 feodi
715 2894 774 2935 eis
810 2893 943 2936 debiti
978 2909 1026 2936 ac
1056 2895 1186 2936 etiam
1217 2895 1428 2951 colligunt
1457 2909 1584 2950 super
1613 2896 1806 2937 tenentes
1835 2909 1932 2937 suos
1961 2896 2096 2939 colore

149 2988 273 3032 officii
295 2986 359 3029 sui
378 2984 605 3042 pecuniam
626 2984 819 3026 bidentes
841 2987 883 3026 et
903 2985 988 3026 alia
1009 2985 1173 3027 diversa
1204 2986 1345 3027 averia
1366 2989 1409 3028 et
1440 2985 1635 3027 similiter
1654 2986 1849 3027 vendunt
1879 2986 2096 3030 cervisiam
