2362 3392
1871 266 1979 307 1991

927 470 1207 515 MCOOOVI.

91 578 467 626 QUIT-GLAIM
519 577 605 620 BY
657 577 993 621 GEOFFREY
1042 578 1125 621 ΑΡ
1175 578 1391 622 HOELL
1436 578 1515 621 OF
1556 578 2037 622 LLAN-GYNWYD

233 677 367 719 AND
419 676 727 719 PHELIOIA
776 676 885 719 HIS
926 676 1096 720 WIFE
1137 678 1213 720 ΤΟ
1265 678 1469 722 DAVID
1520 678 1602 721 ΑΡ
1652 677 1910 721 THOMAS
1960 678 2039 720 OF

232 777 276 818 A
325 775 675 819 TENEMENT
735 775 981 818 CALLED
1042 776 1299 820 ARGOED
1360 778 1539 822 AVAN
1599 777 1672 820 IN
1732 777 1863 820 THE
1914 775 2038 819 FEE

232 875 311 918 OF
362 874 708 918 TIR-JARLL’
760 874 832 917 IN
882 875 1012 918 THE
1065 876 1301 919 PARISH
1354 877 1432 920 OF
1481 876 1977 921 LLAN-GYNWYD.

804 991 1034 1048 [MARGAM
1067 991 1324 1049 CHARTER.]

1142 1084 1197 1124 20
1229 1085 1427 1126 AUGUST.
1490 1085 1517 1126 4
1547 1083 1671 1125 EDW.
1707 1083 1790 1128 VI.
1854 1084 1978 1125 1550.

145 1198 355 1241 Omnibus
377 1198 565 1241 CHRIST1
588 1198 785 1242 fidelibus
805 1199 859 1240 ad
881 1213 985 1254 quos
1005 1213 1177 1254 presens
1197 1199 1401 1254 scriptum
1431 1200 1672 1255 pervenerit
1699 1199 1961 1242 GALFRIDUS
1982 1214 2038 1255 ap

85 1290 248 1332 HOELL
288 1290 484 1346 parochie
524 1291 577 1332 de
618 1289 980 1333 LLAN-GYNWYD
1032 1291 1077 1332 in
1128 1291 1333 1333 comitatu
1384 1290 1746 1333 GLAMORGANCIE
1795 1306 1954 1346 yoman
1995 1297 2037 1333 et

87 1380 312 1423 PnEmcm
335 1397 428 1423 verz
451 1381 565 1424 RICE
588 1396 695 1424 uxor
716 1396 810 1423 mea
832 1381 1012 1424 salutem
1034 1383 1077 1423 in
1100 1383 1273 1424 domino
1295 1383 1610 1437 sempiternam.

144 1471 190 1515 N
192 1472 362 1514 overitis
383 1487 459 1514 nos
479 1472 666 1527 prefatos
689 1471 966 1514 GALFRIDUM
989 1476 1032 1515 et
1053 1472 1314 1515 PHEL101AM
1336 1473 1542 1516 remisisse
1562 1473 1772 1515 relaxasse
1797 1477 1839 1515 et
1863 1474 2037 1516 omnino

84 1577 160 1618 pro
192 1562 314 1605 nobis
350 1567 391 1605 et
425 1562 652 1606 heredibus
685 1563 840 1605 nostris
880 1563 1195 1620 imperpetuum
1236 1564 1428 1619 quietum
1469 1564 1669 1606 clamasse
1709 1579 1782 1620 per
1821 1568 2036 1620 presentes

85 1653 240 1696 DAvm
280 1669 333 1710 ap
375 1653 565 1696 THOMAS
598 1654 644 1695 in
681 1669 756 1696 sua
791 1654 918 1709 plena
954 1658 996 1696 et
1030 1654 1202 1709 pacifica
1234 1655 1492 1710 possessione
1527 1655 1727 1697 existenti
1748 1655 1974 1698 heredibus
1994 1660 2036 1698 et

83 1745 308 1800 assignatis
342 1745 427 1787 suis
459 1745 775 1800 imperpetuum
803 1748 943 1787 totum
973 1745 1045 1800 jus
1066 1749 1258 1787 nostrum
1286 1745 1464 1788 titulum
1486 1746 1693 1788 clameum
1715 1747 1971 1789 demandam
1992 1752 2035 1789 et

82 1835 283 1878 interesse
315 1851 396 1891 que
427 1850 640 1891 uncquam
670 1835 875 1878 habemus
907 1835 1134 1878 habuimus
1164 1851 1238 1878 seu
1259 1836 1533 1891 quovismodo
1553 1836 1708 1879 habere
1728 1837 1960 1893 poterimus
1989 1838 2037 1880 in

84 1926 281 1969 futurum
312 1927 378 1969 vel
408 1927 595 1982 poterint
625 1927 799 1969 heredes
829 1927 963 1969 nostri
994 1928 1046 1969 de
1078 1932 1118 1968 et
1153 1927 1198 1968 in
1234 1942 1320 1969 uno
1354 1931 1598 1969 tenemento
1635 1943 1732 1970 cum
1764 1928 1960 1971 omnibus
1992 1932 2035 1971 et

85 2018 266 2074 singulis
287 2018 372 2060 suis
393 2018 662 2073 pertinentiis
683 2022 830 2060 vocato
852 2017 1046 2060 ARGOED
1062 2017 1214 2060 AVAN'
1236 2033 1373 2073 nuper
1393 2019 1438 2059 in
1459 2018 1656 2061 manibus
1678 2019 1782 2061 R101
1804 2034 1858 2075 ap
1878 2019 2037 2062 DAvm

84 2123 138 2164 ap
158 2109 187 2151 J
191 2123 349 2151 ANKYN
371 2109 538 2165 jacente
559 2115 601 2151 et
623 2109 830 2151 existente
851 2109 897 2151 in
919 2109 1043 2151 feodo
1064 2110 1117 2151 de
1148 2108 1236 2151 Tm
1263 2109 1293 2152 J
1296 2109 1422 2150 ARLL’
1454 2110 1500 2151 in
1530 2110 1730 2165 parochia
1759 2115 1803 2153 et
1832 2111 2037 2153 comitatu

84 2200 335 2255 supradictis
364 2215 439 2256 per
470 2215 565 2242 suas
595 2200 792 2256 antiquas
822 2204 976 2242 mettas
1007 2204 1050 2242 et
1086 2200 1249 2242 bondas
1291 2233 1299 2242 .
1343 2199 1413 2242 Ita
1454 2201 1649 2243 videlicet
1690 2203 1804 2257 quod
1843 2217 1920 2244 nec
1958 2218 2035 2245 nos

83 2291 262 2347 predicti
283 2290 595 2348 GALFR1D[Us]
621 2297 664 2333 et
685 2291 911 2333 PHEme
933 2305 1041 2333 uxor
1061 2306 1155 2332 mea
1176 2305 1252 2332 nec
1273 2290 1448 2333 heredes
1468 2291 1602 2334 nostri
1633 2307 1710 2334 nec
1739 2292 1895 2348 aliquis
1925 2293 2034 2336 alius

83 2397 158 2439 per
177 2397 254 2425 nos
283 2398 360 2439 pro
390 2382 514 2425 nobis
545 2397 617 2425 seu
646 2383 818 2425 nomine
850 2386 992 2425 nostro
1023 2382 1197 2437 aliquod
1227 2381 1298 2437 jus
1327 2382 1505 2424 titulum
1536 2383 1744 2425 clameum
1775 2384 2032 2427 demandam

82 2488 156 2516 seu
177 2474 375 2516 interesse
396 2474 449 2515 de
471 2477 545 2515 aut
567 2473 612 2515 in
634 2474 747 2515 dicto
767 2477 1011 2515 tenemento
1032 2488 1129 2515 cum
1157 2472 1353 2515 omnibus
1374 2476 1417 2515 et
1437 2473 1618 2530 singulis
1648 2474 1733 2516 suis
1762 2474 2032 2530 pertinentiis

83 2579 220 2619 neque
241 2565 286 2606 in
309 2565 452 2619 aliqua
481 2564 582 2606 inde
612 2564 796 2619 parcella
826 2564 894 2605 vel
919 2567 1040 2619 parte
1071 2564 1301 2605 eorundem
1331 2564 1522 2606 decetero
1552 2564 1722 2620 exigere
1753 2565 1933 2607 clamare
1963 2565 2032 2607 vel

83 2655 304 2697 vendicare
324 2655 557 2710 poterimus
577 2670 655 2697 nec
675 2654 878 2697 debemus
906 2654 1180 2710 quovismodo
1201 2654 1246 2696 in
1271 2654 1468 2696 futurum
1501 2689 1509 2697 .
1543 2654 1627 2697 Sed
1649 2655 1702 2697 ab
1723 2656 1839 2698 omni
1860 2656 2028 2698 accione

82 2745 191 2801 juris
210 2745 328 2787 tituli
359 2745 509 2787 clamei
539 2746 748 2787 demands
779 2749 822 2787 et
851 2746 1052 2787 interesse
1082 2745 1128 2786 in
1158 2745 1316 2787 eisdem
1347 2746 1478 2787 simus
1501 2746 1673 2801 penitus
1693 2747 1851 2789 exclusi
1871 2747 2026 2803 imper-

79 2840 257 2893 petuum
277 2851 351 2892 per
371 2839 587 2892 presentes
620 2870 628 2879 .
663 2836 724 2878 Et
743 2851 820 2879 nos
842 2852 938 2878 vero
960 2837 1116 2892 prefati
1139 2836 1402 2879 GALFRIDUS
1423 2840 1467 2879 et
1494 2836 1720 2879 PHELICIA
1740 2853 1847 2880 uxor
1866 2853 1962 2881 mea
1983 2843 2024 2881 et

80 2927 254 2970 heredes
280 2926 414 2969 nostri
440 2927 680 2982 predictum
709 2930 1002 2970 tenementum
1027 2942 1124 2969 cum
1152 2927 1348 2970 omnibus
1378 2931 1419 2970 et
1447 2927 1628 2983 singulis
1652 2928 1738 2971 suis
1757 2929 2026 2984 pertinentiis

81 3018 246 3073 prefato
275 3017 428 3059 DAVID
452 3017 677 3060 heredibus
709 3020 751 3060 et
777 3017 1003 3074 assignatis
1027 3018 1113 3060 suis
1135 3022 1281 3061 contra
1306 3033 1452 3061 omnes
1479 3021 1628 3075 gentes
1656 3020 2023 3064 warantizabimus
