<?xml version="1.0" encoding="UTF-8"?>
<!DOCTYPE html PUBLIC "-//W3C//DTD XHTML 1.0 Transitional//EN"
    "http://www.w3.org/TR/xhtml1/DTD/xhtml1-transitional.dtd">
<html xmlns="http://www.w3.org/1999/xhtml" xml:lang="en" lang="en">
 <head>
  <title>
</title>
<meta http-equiv="Content-Type" content="text/html;charset=utf-8" />
  <meta name='ocr-system' content='tesseract 3.04.00' />
  <meta name='ocr-capabilities' content='ocr_page ocr_carea ocr_par ocr_line ocrx_word'/>
</head>
<body>
  <div class='ocr_page' id='page_1' title='image "./cartaeetaliamuni05claruoft_0413.png"; bbox 0 0 2362 3392; ppageno 0'>
   <div class='ocr_carea' id='block_1_1' title="bbox 1869 263 1979 305">
    <p class='ocr_par' dir='ltr' id='par_1_1' title="bbox 1869 263 1979 305">
     <span class='ocr_line' id='line_1_1' title="bbox 1869 263 1979 305; baseline -0.009 0"><span class='ocrx_word' id='word_1_1' title='bbox 1869 263 1979 305; x_wconf 83' lang='lat'>1997</span> 
     </span>
    </p>
   </div>
   <div class='ocr_carea' id='block_1_2' title="bbox 143 469 2036 527">
    <p class='ocr_par' dir='ltr' id='par_1_2' title="bbox 143 469 2036 527">
     <span class='ocr_line' id='line_1_2' title="bbox 143 469 2036 527; baseline -0.001 -13"><span class='ocrx_word' id='word_1_2' title='bbox 143 471 206 514; x_wconf 89' lang='lat' dir='ltr'>At</span> <span class='ocrx_word' id='word_1_3' title='bbox 225 471 298 514; x_wconf 87' lang='lat' dir='ltr'>the</span> <span class='ocrx_word' id='word_1_4' title='bbox 319 474 392 527; x_wconf 89' lang='lat' dir='ltr'>top</span> <span class='ocrx_word' id='word_1_5' title='bbox 414 471 460 513; x_wconf 83' lang='lat' dir='ltr'>of</span> <span class='ocrx_word' id='word_1_6' title='bbox 476 470 562 513; x_wconf 85' lang='lat' dir='ltr'>this</span> <span class='ocrx_word' id='word_1_7' title='bbox 582 470 824 521; x_wconf 88' lang='lat' dir='ltr'>indenture,</span> <span class='ocrx_word' id='word_1_8' title='bbox 847 470 985 512; x_wconf 82' lang='lat' dir='ltr'>where</span> <span class='ocrx_word' id='word_1_9' title='bbox 1007 470 1079 512; x_wconf 89' lang='lat' dir='ltr'>the</span> <span class='ocrx_word' id='word_1_10' title='bbox 1100 484 1223 525; x_wconf 87' lang='lat' dir='ltr'>wavy</span> <span class='ocrx_word' id='word_1_11' title='bbox 1243 469 1330 512; x_wconf 88' lang='lat' dir='ltr'>line</span> <span class='ocrx_word' id='word_1_12' title='bbox 1351 469 1397 512; x_wconf 72' lang='lat' dir='ltr'>of</span> <span class='ocrx_word' id='word_1_13' title='bbox 1425 469 1498 512; x_wconf 89' lang='lat' dir='ltr'>the</span> <span class='ocrx_word' id='word_1_14' title='bbox 1528 470 1755 512; x_wconf 88' lang='lat' dir='ltr'>indenture</span> <span class='ocrx_word' id='word_1_15' title='bbox 1785 469 1821 512; x_wconf 89' lang='lat' dir='ltr'>is</span> <span class='ocrx_word' id='word_1_16' title='bbox 1851 474 1934 521; x_wconf 88' lang='lat' dir='ltr'>out,</span> <span class='ocrx_word' id='word_1_17' title='bbox 1966 484 2036 512; x_wconf 88' lang='lat' dir='ltr'>are</span> 
     </span>
    </p>
   </div>
   <div class='ocr_carea' id='block_1_3' title="bbox 86 561 2037 709">
    <p class='ocr_par' dir='ltr' id='par_1_3' title="bbox 86 561 2037 709">
     <span class='ocr_line' id='line_1_3' title="bbox 86 561 651 618; baseline -0.004 -13"><span class='ocrx_word' id='word_1_18' title='bbox 86 561 161 605; x_wconf 87' lang='lat' dir='ltr'>the</span> <span class='ocrx_word' id='word_1_19' title='bbox 180 562 406 618; x_wconf 80' lang='lat' dir='ltr'>following</span> <span class='ocrx_word' id='word_1_20' title='bbox 426 563 563 604; x_wconf 85' lang='lat' dir='ltr'>words</span> <span class='ocrx_word' id='word_1_21' title='bbox 582 577 651 604; x_wconf 92' lang='lat'>:—</span> 
     </span>
     <span class='ocr_line' id='line_1_4' title="bbox 143 650 2037 709; baseline -0.002 -14"><span class='ocrx_word' id='word_1_22' title='bbox 143 652 180 696; x_wconf 93' lang='grc' dir='ltr'><strong>Ο</strong></span> <span class='ocrx_word' id='word_1_23' title='bbox 210 652 374 709; x_wconf 88' lang='lat' dir='ltr'>wha[t]</span> <span class='ocrx_word' id='word_1_24' title='bbox 409 668 434 694; x_wconf 84' lang='lat' dir='ltr'>a</span> <span class='ocrx_word' id='word_1_25' title='bbox 468 651 703 709; x_wconf 83' lang='lat' dir='ltr'>[t]reasure</span> <span class='ocrx_word' id='word_1_26' title='bbox 733 652 769 694; x_wconf 90' lang='lat' dir='ltr'>is</span> <span class='ocrx_word' id='word_1_27' title='bbox 799 651 893 694; x_wconf 85' lang='lat' dir='ltr'>love</span> <span class='ocrx_word' id='word_1_28' title='bbox 924 651 1146 708; x_wconf 86' lang='lat' dir='ltr'>certay[n]</span> <span class='ocrx_word' id='word_1_29' title='bbox 1174 685 1182 693; x_wconf 89' lang='lat'><strong>.</strong></span> <span class='ocrx_word' id='word_1_30' title='bbox 1207 685 1217 694; x_wconf 88' lang='lat'><strong>.</strong></span> <span class='ocrx_word' id='word_1_31' title='bbox 1242 685 1251 694; x_wconf 92' lang='lat'>.</span> <span class='ocrx_word' id='word_1_32' title='bbox 1279 651 1462 708; x_wconf 88' lang='lat' dir='ltr'>[h]artes</span> <span class='ocrx_word' id='word_1_33' title='bbox 1492 651 1543 694; x_wconf 89' lang='lat' dir='ltr'>be</span> <span class='ocrx_word' id='word_1_34' title='bbox 1573 650 1754 707; x_wconf 76' lang='lat' dir='ltr'>fyxe[d]</span> <span class='ocrx_word' id='word_1_35' title='bbox 1792 682 1937 693; x_wconf 88' lang='grc'><strong>.....</strong></span> <span class='ocrx_word' id='word_1_36' title='bbox 1960 653 2037 692; x_wconf 87' lang='lat' dir='ltr'>not</span> 
     </span>
    </p>
   </div>
   <div class='ocr_carea' id='block_1_4' title="bbox 83 743 2036 891">
    <p class='ocr_par' dir='ltr' id='par_1_4' title="bbox 83 743 2036 891">
     <span class='ocr_line' id='line_1_5' title="bbox 83 743 270 799; baseline -0.005 -12"><span class='ocrx_word' id='word_1_37' title='bbox 83 743 270 799; x_wconf 76' lang='lat' dir='ltr'>refrayn.</span> 
     </span>
     <span class='ocr_line' id='line_1_6' title="bbox 140 831 2036 891; baseline -0.002 -14"><span class='ocrx_word' id='word_1_38' title='bbox 140 834 346 891; x_wconf 79' lang='lat' dir='ltr'>Compare</span> <span class='ocrx_word' id='word_1_39' title='bbox 381 835 466 877; x_wconf 90' lang='lat' dir='ltr'>No.</span> <span class='ocrx_word' id='word_1_40' title='bbox 504 849 738 876; x_wconf 83' lang='lat' dir='ltr'>Moccovm.</span> <span class='ocrx_word' id='word_1_41' title='bbox 775 835 840 877; x_wconf 85' lang='lat' dir='ltr'>for</span> <span class='ocrx_word' id='word_1_42' title='bbox 872 834 1051 876; x_wconf 79' lang='lat' dir='ltr'>another</span> <span class='ocrx_word' id='word_1_43' title='bbox 1086 833 1252 875; x_wconf 87' lang='lat' dir='ltr'>curious</span> <span class='ocrx_word' id='word_1_44' title='bbox 1287 833 1482 889; x_wconf 80' lang='lat' dir='ltr'>example</span> <span class='ocrx_word' id='word_1_45' title='bbox 1513 833 1558 874; x_wconf 76' lang='lat' dir='ltr'>of</span> <span class='ocrx_word' id='word_1_46' title='bbox 1588 833 1757 888; x_wconf 84' lang='lat' dir='ltr'>cutting</span> <span class='ocrx_word' id='word_1_47' title='bbox 1788 831 1976 888; x_wconf 85' lang='lat' dir='ltr'>through</span> <span class='ocrx_word' id='word_1_48' title='bbox 2011 846 2036 873; x_wconf 89' lang='lat' dir='ltr'>a</span> 
     </span>
    </p>
   </div>
   <div class='ocr_carea' id='block_1_5' title="bbox 80 923 1642 979">
    <p class='ocr_par' dir='ltr' id='par_1_5' title="bbox 80 923 1642 979">
     <span class='ocr_line' id='line_1_7' title="bbox 80 923 1642 979; baseline -0.003 -10"><span class='ocrx_word' id='word_1_49' title='bbox 80 929 278 969; x_wconf 79' lang='lat' dir='ltr'>sentence</span> <span class='ocrx_word' id='word_1_50' title='bbox 300 926 468 969; x_wconf 90' lang='lat' dir='ltr'>written</span> <span class='ocrx_word' id='word_1_51' title='bbox 491 925 628 968; x_wconf 88' lang='lat' dir='ltr'>where</span> <span class='ocrx_word' id='word_1_52' title='bbox 648 924 722 968; x_wconf 91' lang='lat' dir='ltr'>the</span> <span class='ocrx_word' id='word_1_53' title='bbox 743 940 867 979; x_wconf 87' lang='lat' dir='ltr'>wavy</span> <span class='ocrx_word' id='word_1_54' title='bbox 888 925 975 966; x_wconf 91' lang='lat' dir='ltr'>line</span> <span class='ocrx_word' id='word_1_55' title='bbox 997 939 1043 967; x_wconf 94' lang='lat' dir='ltr'>or</span> <span class='ocrx_word' id='word_1_56' title='bbox 1064 924 1291 966; x_wconf 89' lang='lat' dir='ltr'>indenture</span> <span class='ocrx_word' id='word_1_57' title='bbox 1313 923 1349 965; x_wconf 91' lang='lat' dir='ltr'>is</span> <span class='ocrx_word' id='word_1_58' title='bbox 1368 926 1413 966; x_wconf 91' lang='lat' dir='ltr'>to</span> <span class='ocrx_word' id='word_1_59' title='bbox 1434 923 1486 966; x_wconf 90' lang='lat' dir='ltr'>be</span> <span class='ocrx_word' id='word_1_60' title='bbox 1506 924 1642 966; x_wconf 89' lang='lat' dir='ltr'>made.</span> 
     </span>
    </p>
   </div>
   <div class='ocr_carea' id='block_1_6' title="bbox 902 1115 1160 1158">
    <p class='ocr_par' dir='ltr' id='par_1_6' title="bbox 902 1115 1160 1158">
     <span class='ocr_line' id='line_1_8' title="bbox 902 1115 1160 1158; baseline 0 0"><span class='ocrx_word' id='word_1_61' title='bbox 902 1115 1160 1158; x_wconf 81' lang='lat' dir='ltr'>MOOOGX.</span> 
     </span>
    </p>
   </div>
   <div class='ocr_carea' id='block_1_7' title="bbox 82 1211 2034 1351">
    <p class='ocr_par' dir='ltr' id='par_1_7' title="bbox 82 1211 2034 1351">
     <span class='ocr_line' id='line_1_9' title="bbox 82 1211 2034 1261; baseline -0.003 -1"><span class='ocrx_word' id='word_1_62' title='bbox 82 1216 386 1261; x_wconf 78' lang='lat' dir='ltr'><strong>GENERAL</strong></span> <span class='ocrx_word' id='word_1_63' title='bbox 437 1215 724 1260; x_wconf 78' lang='lat' dir='ltr'><strong>RELEASE</strong></span> <span class='ocrx_word' id='word_1_64' title='bbox 775 1215 862 1258; x_wconf 85' lang='lat' dir='ltr'>BY</span> <span class='ocrx_word' id='word_1_65' title='bbox 913 1214 1014 1258; x_wconf 78' lang='lat' dir='ltr'>SIR</span> <span class='ocrx_word' id='word_1_66' title='bbox 1057 1214 1226 1257; x_wconf 88' lang='lat' dir='ltr'><strong>JOHN</strong></span> <span class='ocrx_word' id='word_1_67' title='bbox 1269 1213 1562 1257; x_wconf 78' lang='lat' dir='ltr'><strong>BRYDGES</strong></span> <span class='ocrx_word' id='word_1_68' title='bbox 1599 1213 1677 1256; x_wconf 88' lang='lat' dir='ltr'>OF</span> <span class='ocrx_word' id='word_1_69' title='bbox 1718 1211 2034 1256; x_wconf 82' lang='lat' dir='ltr'>BLUNDEs-</span> 
     </span>
     <span class='ocr_line' id='line_1_10' title="bbox 226 1294 2034 1351; baseline -0.003 -9"><span class='ocrx_word' id='word_1_70' title='bbox 226 1298 371 1351; x_wconf 93' lang='lat' dir='ltr'>DON,</span> <span class='ocrx_word' id='word_1_71' title='bbox 420 1298 507 1341; x_wconf 86' lang='lat' dir='ltr'>CO.</span> <span class='ocrx_word' id='word_1_72' title='bbox 560 1297 774 1349; x_wconf 81' lang='lat' dir='ltr'>WILTS,</span> <span class='ocrx_word' id='word_1_73' title='bbox 817 1296 978 1346; x_wconf 66' lang='lat' dir='ltr'><strong>KNT„</strong></span> <span class='ocrx_word' id='word_1_74' title='bbox 1021 1295 1097 1339; x_wconf 79' lang='lat' dir='ltr'>TO</span> <span class='ocrx_word' id='word_1_75' title='bbox 1139 1295 1241 1339; x_wconf 79' lang='lat' dir='ltr'>SIR</span> <span class='ocrx_word' id='word_1_76' title='bbox 1287 1295 1450 1339; x_wconf 82' lang='lat' dir='ltr'>REGE</span> <span class='ocrx_word' id='word_1_77' title='bbox 1496 1294 1825 1346; x_wconf 82' lang='lat' dir='ltr'>MANXELL,</span> <span class='ocrx_word' id='word_1_78' title='bbox 1872 1294 2034 1346; x_wconf 69' lang='lat' dir='ltr'>KNT„</span> 
     </span>
    </p>
   </div>
   <div class='ocr_carea' id='block_1_8' title="bbox 225 1378 1345 1424">
    <p class='ocr_par' dir='ltr' id='par_1_8' title="bbox 225 1378 1345 1424">
     <span class='ocr_line' id='line_1_11' title="bbox 225 1378 1345 1424; baseline -0.002 0"><span class='ocrx_word' id='word_1_79' title='bbox 225 1380 400 1424; x_wconf 80' lang='lat' dir='ltr'><strong>FROM</strong></span> <span class='ocrx_word' id='word_1_80' title='bbox 442 1380 568 1423; x_wconf 84' lang='lat' dir='ltr'>ALL</span> <span class='ocrx_word' id='word_1_81' title='bbox 610 1379 886 1423; x_wconf 82' lang='lat' dir='ltr'><strong>MANNER</strong></span> <span class='ocrx_word' id='word_1_82' title='bbox 937 1379 1016 1421; x_wconf 87' lang='lat' dir='ltr'>OF</span> <span class='ocrx_word' id='word_1_83' title='bbox 1065 1378 1345 1422; x_wconf 80' lang='lat' dir='ltr'><strong>AOTIONS.</strong></span> 
     </span>
    </p>
   </div>
   <div class='ocr_carea' id='block_1_9' title="bbox 799 1469 1972 1595">
    <p class='ocr_par' dir='ltr' id='par_1_9' title="bbox 799 1469 1972 1595">
     <span class='ocr_line' id='line_1_12' title="bbox 799 1469 1326 1527; baseline -0.004 -14"><span class='ocrx_word' id='word_1_84' title='bbox 799 1470 1032 1527; x_wconf 79' lang='lat' dir='ltr'>[MARGAM</span> <span class='ocrx_word' id='word_1_85' title='bbox 1069 1469 1326 1526; x_wconf 66' lang='lat' dir='ltr'>CHARTER]</span> 
     </span>
     <span class='ocr_line' id='line_1_13' title="bbox 1350 1552 1972 1595; baseline -0.003 0"><span class='ocrx_word' id='word_1_86' title='bbox 1350 1554 1376 1595; x_wconf 81' lang='lat'>8</span> <span class='ocrx_word' id='word_1_87' title='bbox 1408 1552 1509 1595; x_wconf 80' lang='lat' dir='ltr'><strong>OCT.</strong></span> <span class='ocrx_word' id='word_1_88' title='bbox 1574 1553 1596 1594; x_wconf 87' lang='grc'><strong>1</strong></span> <span class='ocrx_word' id='word_1_89' title='bbox 1629 1552 1783 1594; x_wconf 81' lang='lat' dir='ltr'><strong>MARY.</strong></span> <span class='ocrx_word' id='word_1_90' title='bbox 1848 1553 1972 1593; x_wconf 79' lang='lat'>1553.</span> 
     </span>
    </p>
   </div>
   <div class='ocr_carea' id='block_1_10' title="bbox 71 1643 2037 2428">
    <p class='ocr_par' dir='ltr' id='par_1_10' title="bbox 71 1643 2037 2428">
     <span class='ocr_line' id='line_1_14' title="bbox 136 1643 2034 1701; baseline -0.002 -12"><span class='ocrx_word' id='word_1_91' title='bbox 136 1647 352 1689; x_wconf 79' lang='lat' dir='ltr'>Noverint</span> <span class='ocrx_word' id='word_1_92' title='bbox 382 1646 569 1688; x_wconf 84' lang='lat' dir='ltr'>universi</span> <span class='ocrx_word' id='word_1_93' title='bbox 598 1660 672 1701; x_wconf 90' lang='lat' dir='ltr'>per</span> <span class='ocrx_word' id='word_1_94' title='bbox 697 1648 910 1700; x_wconf 84' lang='lat' dir='ltr'>presentes</span> <span class='ocrx_word' id='word_1_95' title='bbox 938 1659 1006 1686; x_wconf 91' lang='lat' dir='ltr'>me</span> <span class='ocrx_word' id='word_1_96' title='bbox 1037 1644 1062 1687; x_wconf 83' lang='lat' dir='ltr'>J</span> <span class='ocrx_word' id='word_1_97' title='bbox 1069 1658 1293 1686; x_wconf 84' lang='lat' dir='ltr'><strong>OHANNEM</strong></span> <span class='ocrx_word' id='word_1_98' title='bbox 1323 1644 1537 1686; x_wconf 77' lang='lat' dir='ltr'>BRYDGES</span> <span class='ocrx_word' id='word_1_99' title='bbox 1568 1645 1621 1686; x_wconf 91' lang='lat' dir='ltr'>de</span> <span class='ocrx_word' id='word_1_100' title='bbox 1651 1643 1957 1686; x_wconf 80' lang='lat' dir='ltr'>BLUNDESDON</span> <span class='ocrx_word' id='word_1_101' title='bbox 1988 1643 2034 1684; x_wconf 90' lang='lat' dir='ltr'>in</span> 
     </span>
     <span class='ocr_line' id='line_1_15' title="bbox 77 1733 2037 1790; baseline -0.003 -9"><span class='ocrx_word' id='word_1_102' title='bbox 77 1739 281 1782; x_wconf 84' lang='lat' dir='ltr'>comitatu</span> <span class='ocrx_word' id='word_1_103' title='bbox 312 1736 514 1781; x_wconf 75' lang='lat' dir='ltr'>WILTEs’</span> <span class='ocrx_word' id='word_1_104' title='bbox 546 1736 729 1779; x_wconf 89' lang='lat' dir='ltr'>militem</span> <span class='ocrx_word' id='word_1_105' title='bbox 759 1736 965 1778; x_wconf 78' lang='lat' dir='ltr'>remisisse</span> <span class='ocrx_word' id='word_1_106' title='bbox 997 1735 1206 1777; x_wconf 81' lang='lat' dir='ltr'>relaxasse</span> <span class='ocrx_word' id='word_1_107' title='bbox 1227 1738 1269 1778; x_wconf 91' lang='lat' dir='ltr'>et</span> <span class='ocrx_word' id='word_1_108' title='bbox 1299 1735 1472 1777; x_wconf 86' lang='lat' dir='ltr'>omnino</span> <span class='ocrx_word' id='word_1_109' title='bbox 1494 1749 1569 1790; x_wconf 91' lang='lat' dir='ltr'>pro</span> <span class='ocrx_word' id='word_1_110' title='bbox 1590 1750 1658 1777; x_wconf 93' lang='lat' dir='ltr'>me</span> <span class='ocrx_word' id='word_1_111' title='bbox 1677 1737 1718 1776; x_wconf 92' lang='lat' dir='ltr'>et</span> <span class='ocrx_word' id='word_1_112' title='bbox 1740 1733 2037 1776; x_wconf 78' lang='lat' dir='ltr'>executoribus</span> 
     </span>
     <span class='ocr_line' id='line_1_16' title="bbox 76 1825 2034 1882; baseline -0.003 -10"><span class='ocrx_word' id='word_1_113' title='bbox 76 1832 119 1872; x_wconf 91' lang='lat' dir='ltr'>et</span> <span class='ocrx_word' id='word_1_114' title='bbox 150 1827 567 1871; x_wconf 81' lang='lat' dir='ltr'>administratoribus</span> <span class='ocrx_word' id='word_1_115' title='bbox 597 1827 702 1869; x_wconf 86' lang='lat' dir='ltr'>meis</span> <span class='ocrx_word' id='word_1_116' title='bbox 730 1827 926 1882; x_wconf 81' lang='lat' dir='ltr'>quietum</span> <span class='ocrx_word' id='word_1_117' title='bbox 962 1827 1163 1869; x_wconf 85' lang='lat' dir='ltr'>clamasse</span> <span class='ocrx_word' id='word_1_118' title='bbox 1198 1826 1349 1868; x_wconf 72' lang='lat' dir='ltr'>RECEo</span> <span class='ocrx_word' id='word_1_119' title='bbox 1385 1825 1616 1868; x_wconf 85' lang='lat' dir='ltr'><strong>MANXELL</strong></span> <span class='ocrx_word' id='word_1_120' title='bbox 1645 1825 1775 1867; x_wconf 88' lang='lat' dir='ltr'>militi</span> <span class='ocrx_word' id='word_1_121' title='bbox 1807 1840 1956 1867; x_wconf 88' lang='lat' dir='ltr'>omnes</span> <span class='ocrx_word' id='word_1_122' title='bbox 1991 1829 2034 1866; x_wconf 83' lang='lat' dir='ltr'>et</span> 
     </span>
     <span class='ocr_line' id='line_1_17' title="bbox 77 1916 2035 1974; baseline -0.003 -11"><span class='ocrx_word' id='word_1_123' title='bbox 77 1920 342 1964; x_wconf 86' lang='lat' dir='ltr'>omnimodas</span> <span class='ocrx_word' id='word_1_124' title='bbox 372 1919 573 1970; x_wconf 87' lang='lat' dir='ltr'>acciones,</span> <span class='ocrx_word' id='word_1_125' title='bbox 608 1923 753 1969; x_wconf 89' lang='lat' dir='ltr'>sectas,</span> <span class='ocrx_word' id='word_1_126' title='bbox 785 1918 990 1974; x_wconf 84' lang='lat' dir='ltr'>querelas,</span> <span class='ocrx_word' id='word_1_127' title='bbox 1028 1918 1331 1960; x_wconf 88' lang='lat' dir='ltr'>convenciones</span> <span class='ocrx_word' id='word_1_128' title='bbox 1361 1916 1526 1959; x_wconf 88' lang='lat' dir='ltr'>debitas</span> <span class='ocrx_word' id='word_1_129' title='bbox 1559 1920 1602 1958; x_wconf 91' lang='lat' dir='ltr'>et</span> <span class='ocrx_word' id='word_1_130' title='bbox 1634 1917 1900 1958; x_wconf 86' lang='lat' dir='ltr'>demaundas</span> <span class='ocrx_word' id='word_1_131' title='bbox 1930 1929 2035 1970; x_wconf 89' lang='lat' dir='ltr'>quas</span> 
     </span>
     <span class='ocr_line' id='line_1_18' title="bbox 74 2005 2031 2066; baseline -0.003 -12"><span class='ocrx_word' id='word_1_132' title='bbox 74 2011 141 2054; x_wconf 87' lang='lat' dir='ltr'>vel</span> <span class='ocrx_word' id='word_1_133' title='bbox 162 2026 244 2066; x_wconf 89' lang='lat' dir='ltr'>que</span> <span class='ocrx_word' id='word_1_134' title='bbox 265 2025 345 2066; x_wconf 86' lang='lat' dir='ltr'>ego</span> <span class='ocrx_word' id='word_1_135' title='bbox 373 2009 566 2065; x_wconf 79' lang='lat' dir='ltr'>prefatus</span> <span class='ocrx_word' id='word_1_136' title='bbox 592 2008 620 2051; x_wconf 84' lang='lat' dir='ltr'><strong>J</strong></span> <span class='ocrx_word' id='word_1_137' title='bbox 624 2023 834 2050; x_wconf 80' lang='lat' dir='ltr'>OHANNES</span> <span class='ocrx_word' id='word_1_138' title='bbox 866 2008 1070 2050; x_wconf 78' lang='lat' dir='ltr'>BRIDGEs</span> <span class='ocrx_word' id='word_1_139' title='bbox 1098 2022 1243 2050; x_wconf 85' lang='lat' dir='ltr'>versus</span> <span class='ocrx_word' id='word_1_140' title='bbox 1267 2007 1506 2063; x_wconf 86' lang='lat' dir='ltr'>predictum</span> <span class='ocrx_word' id='word_1_141' title='bbox 1529 2007 1723 2049; x_wconf 80' lang='lat' dir='ltr'>RECEUM</span> <span class='ocrx_word' id='word_1_142' title='bbox 1745 2006 1875 2048; x_wconf 91' lang='lat' dir='ltr'>habui</span> <span class='ocrx_word' id='word_1_143' title='bbox 1896 2005 2031 2049; x_wconf 89' lang='lat' dir='ltr'>habeo</span> 
     </span>
     <span class='ocr_line' id='line_1_19' title="bbox 72 2097 2032 2157; baseline -0.003 -13"><span class='ocrx_word' id='word_1_144' title='bbox 72 2117 146 2144; x_wconf 89' lang='lat' dir='ltr'>seu</span> <span class='ocrx_word' id='word_1_145' title='bbox 186 2101 462 2157; x_wconf 87' lang='lat' dir='ltr'>quovismodo</span> <span class='ocrx_word' id='word_1_146' title='bbox 503 2100 549 2142; x_wconf 94' lang='lat' dir='ltr'>in</span> <span class='ocrx_word' id='word_1_147' title='bbox 589 2099 787 2142; x_wconf 77' lang='lat' dir='ltr'>futurum</span> <span class='ocrx_word' id='word_1_148' title='bbox 827 2098 982 2141; x_wconf 89' lang='lat' dir='ltr'>habere</span> <span class='ocrx_word' id='word_1_149' title='bbox 1023 2102 1169 2155; x_wconf 88' lang='lat' dir='ltr'>potero</span> <span class='ocrx_word' id='word_1_150' title='bbox 1220 2113 1245 2140; x_wconf 89' lang='lat' dir='ltr'>a</span> <span class='ocrx_word' id='word_1_151' title='bbox 1294 2098 1503 2154; x_wconf 88' lang='lat' dir='ltr'>principio</span> <span class='ocrx_word' id='word_1_152' title='bbox 1553 2098 1705 2139; x_wconf 89' lang='lat' dir='ltr'>mundi</span> <span class='ocrx_word' id='word_1_153' title='bbox 1744 2111 1876 2152; x_wconf 91' lang='lat' dir='ltr'>usque</span> <span class='ocrx_word' id='word_1_154' title='bbox 1917 2097 2032 2139; x_wconf 89' lang='lat' dir='ltr'>diem</span> 
     </span>
     <span class='ocr_line' id='line_1_20' title="bbox 71 2187 2029 2247; baseline -0.003 -12"><span class='ocrx_word' id='word_1_155' title='bbox 71 2192 348 2236; x_wconf 79' lang='lat' dir='ltr'>confeccionis</span> <span class='ocrx_word' id='word_1_156' title='bbox 369 2191 633 2247; x_wconf 88' lang='lat' dir='ltr'>presencium</span> <span class='ocrx_word' id='word_1_157' title='bbox 666 2225 674 2233; x_wconf 88' lang='lat'><strong>.</strong></span> <span class='ocrx_word' id='word_1_158' title='bbox 709 2190 780 2232; x_wconf 90' lang='lat' dir='ltr'>Ita</span> <span class='ocrx_word' id='word_1_159' title='bbox 806 2190 1003 2232; x_wconf 89' lang='lat' dir='ltr'>videlicet</span> <span class='ocrx_word' id='word_1_160' title='bbox 1025 2190 1138 2244; x_wconf 92' lang='lat' dir='ltr'>quod</span> <span class='ocrx_word' id='word_1_161' title='bbox 1158 2204 1235 2231; x_wconf 90' lang='lat' dir='ltr'>nec</span> <span class='ocrx_word' id='word_1_162' title='bbox 1255 2203 1334 2244; x_wconf 87' lang='lat' dir='ltr'>ego</span> <span class='ocrx_word' id='word_1_163' title='bbox 1356 2189 1544 2244; x_wconf 87' lang='lat' dir='ltr'>prefatus</span> <span class='ocrx_word' id='word_1_164' title='bbox 1564 2187 1593 2231; x_wconf 90' lang='lat' dir='ltr'><strong>J</strong></span> <span class='ocrx_word' id='word_1_165' title='bbox 1596 2202 1804 2230; x_wconf 80' lang='lat' dir='ltr'>oHANNEs</span> <span class='ocrx_word' id='word_1_166' title='bbox 1825 2187 2029 2230; x_wconf 68' lang='lat' dir='ltr'>BRmGEs</span> 
     </span>
     <span class='ocr_line' id='line_1_21' title="bbox 71 2278 2029 2336; baseline -0.004 -10"><span class='ocrx_word' id='word_1_167' title='bbox 71 2286 312 2326; x_wconf 85' lang='lat' dir='ltr'>executores</span> <span class='ocrx_word' id='word_1_168' title='bbox 333 2297 407 2325; x_wconf 90' lang='lat' dir='ltr'>seu</span> <span class='ocrx_word' id='word_1_169' title='bbox 428 2281 795 2324; x_wconf 83' lang='lat' dir='ltr'>administratores</span> <span class='ocrx_word' id='word_1_170' title='bbox 817 2281 899 2323; x_wconf 91' lang='lat' dir='ltr'>mei</span> <span class='ocrx_word' id='word_1_171' title='bbox 920 2280 1099 2336; x_wconf 86' lang='lat' dir='ltr'>predicti</span> <span class='ocrx_word' id='word_1_172' title='bbox 1127 2279 1156 2322; x_wconf 88' lang='lat' dir='ltr'>J</span> <span class='ocrx_word' id='word_1_173' title='bbox 1160 2293 1360 2321; x_wconf 83' lang='lat' dir='ltr'><strong>OHANNIS</strong></span> <span class='ocrx_word' id='word_1_174' title='bbox 1381 2294 1458 2322; x_wconf 90' lang='lat' dir='ltr'>nec</span> <span class='ocrx_word' id='word_1_175' title='bbox 1477 2281 1671 2321; x_wconf 90' lang='lat' dir='ltr'>nostrum</span> <span class='ocrx_word' id='word_1_176' title='bbox 1691 2278 1845 2334; x_wconf 89' lang='lat' dir='ltr'>aliquis</span> <span class='ocrx_word' id='word_1_177' title='bbox 1865 2278 2029 2334; x_wconf 86' lang='lat' dir='ltr'>aliquas</span> 
     </span>
     <span class='ocr_line' id='line_1_22' title="bbox 71 2368 2026 2428; baseline -0.003 -12"><span class='ocrx_word' id='word_1_178' title='bbox 71 2374 272 2425; x_wconf 81' lang='lat' dir='ltr'>acciones,</span> <span class='ocrx_word' id='word_1_179' title='bbox 296 2376 439 2424; x_wconf 87' lang='lat' dir='ltr'>sectas,</span> <span class='ocrx_word' id='word_1_180' title='bbox 467 2373 670 2428; x_wconf 83' lang='lat' dir='ltr'>querelas,</span> <span class='ocrx_word' id='word_1_181' title='bbox 705 2371 1007 2414; x_wconf 87' lang='lat' dir='ltr'>convenciones</span> <span class='ocrx_word' id='word_1_182' title='bbox 1030 2370 1193 2413; x_wconf 85' lang='lat' dir='ltr'>debitas</span> <span class='ocrx_word' id='word_1_183' title='bbox 1219 2371 1285 2412; x_wconf 90' lang='lat' dir='ltr'>vel</span> <span class='ocrx_word' id='word_1_184' title='bbox 1313 2370 1577 2412; x_wconf 87' lang='lat' dir='ltr'>demaundas</span> <span class='ocrx_word' id='word_1_185' title='bbox 1604 2368 1759 2411; x_wconf 87' lang='lat' dir='ltr'>habere</span> <span class='ocrx_word' id='word_1_186' title='bbox 1785 2374 1931 2424; x_wconf 89' lang='lat' dir='ltr'>potero</span> <span class='ocrx_word' id='word_1_187' title='bbox 1959 2369 2026 2411; x_wconf 89' lang='lat' dir='ltr'>vel</span> 
     </span>
    </p>
   </div>
   <div class='ocr_carea' id='block_1_11' title="bbox 67 2460 2024 2608">
    <p class='ocr_par' dir='ltr' id='par_1_11' title="bbox 67 2460 2024 2608">
     <span class='ocr_line' id='line_1_23' title="bbox 67 2460 2024 2521; baseline -0.003 -14"><span class='ocrx_word' id='word_1_188' title='bbox 67 2465 299 2521; x_wconf 86' lang='lat' dir='ltr'>poterimus</span> <span class='ocrx_word' id='word_1_189' title='bbox 332 2478 474 2506; x_wconf 89' lang='lat' dir='ltr'>versus</span> <span class='ocrx_word' id='word_1_190' title='bbox 509 2462 747 2518; x_wconf 85' lang='lat' dir='ltr'>predictum</span> <span class='ocrx_word' id='word_1_191' title='bbox 785 2461 978 2504; x_wconf 79' lang='lat' dir='ltr'>RECEUM</span> <span class='ocrx_word' id='word_1_192' title='bbox 1014 2461 1246 2503; x_wconf 77' lang='lat' dir='ltr'><strong>MANXELL</strong></span> <span class='ocrx_word' id='word_1_193' title='bbox 1281 2463 1523 2502; x_wconf 88' lang='lat' dir='ltr'>executores</span> <span class='ocrx_word' id='word_1_194' title='bbox 1555 2461 1622 2502; x_wconf 87' lang='lat' dir='ltr'>vel</span> <span class='ocrx_word' id='word_1_195' title='bbox 1662 2460 2024 2502; x_wconf 87' lang='lat' dir='ltr'>administratores</span> 
     </span>
     <span class='ocr_line' id='line_1_24' title="bbox 70 2549 2022 2608; baseline -0.003 -9"><span class='ocrx_word' id='word_1_196' title='bbox 70 2570 177 2608; x_wconf 86' lang='lat' dir='ltr'>suos,</span> <span class='ocrx_word' id='word_1_197' title='bbox 200 2556 273 2599; x_wconf 91' lang='lat' dir='ltr'>sed</span> <span class='ocrx_word' id='word_1_198' title='bbox 292 2555 392 2597; x_wconf 88' lang='lat' dir='ltr'>inde</span> <span class='ocrx_word' id='word_1_199' title='bbox 414 2554 494 2596; x_wconf 86' lang='lat' dir='ltr'>sim</span> <span class='ocrx_word' id='word_1_200' title='bbox 515 2556 557 2596; x_wconf 88' lang='lat' dir='ltr'>et</span> <span class='ocrx_word' id='word_1_201' title='bbox 578 2553 708 2596; x_wconf 89' lang='lat' dir='ltr'>simus</span> <span class='ocrx_word' id='word_1_202' title='bbox 729 2552 900 2608; x_wconf 86' lang='lat' dir='ltr'>penitus</span> <span class='ocrx_word' id='word_1_203' title='bbox 920 2551 1081 2594; x_wconf 86' lang='lat' dir='ltr'>exclusi</span> <span class='ocrx_word' id='word_1_204' title='bbox 1101 2551 1416 2606; x_wconf 87' lang='lat' dir='ltr'>imperpetuum</span> <span class='ocrx_word' id='word_1_205' title='bbox 1436 2566 1511 2607; x_wconf 89' lang='lat' dir='ltr'>per</span> <span class='ocrx_word' id='word_1_206' title='bbox 1531 2553 1746 2606; x_wconf 87' lang='lat' dir='ltr'>presentes</span> <span class='ocrx_word' id='word_1_207' title='bbox 1778 2584 1787 2592; x_wconf 89' lang='lat'>.</span> <span class='ocrx_word' id='word_1_208' title='bbox 1821 2549 1877 2592; x_wconf 91' lang='lat' dir='ltr'>In</span> <span class='ocrx_word' id='word_1_209' title='bbox 1899 2550 2022 2606; x_wconf 85' lang='lat' dir='ltr'>cujus</span> 
     </span>
    </p>
   </div>
   <div class='ocr_carea' id='block_1_12' title="bbox 68 2641 1645 2700">
    <p class='ocr_par' dir='ltr' id='par_1_12' title="bbox 68 2641 1645 2700">
     <span class='ocr_line' id='line_1_25' title="bbox 68 2641 1645 2700; baseline -0.003 -12"><span class='ocrx_word' id='word_1_210' title='bbox 68 2646 129 2690; x_wconf 89' lang='lat' dir='ltr'>rei</span> <span class='ocrx_word' id='word_1_211' title='bbox 148 2645 441 2688; x_wconf 88' lang='lat' dir='ltr'>testimonium</span> <span class='ocrx_word' id='word_1_212' title='bbox 462 2645 560 2686; x_wconf 88' lang='lat' dir='ltr'>huic</span> <span class='ocrx_word' id='word_1_213' title='bbox 581 2643 767 2700; x_wconf 89' lang='lat' dir='ltr'>presenti</span> <span class='ocrx_word' id='word_1_214' title='bbox 788 2643 943 2699; x_wconf 87' lang='lat' dir='ltr'>scripto</span> <span class='ocrx_word' id='word_1_215' title='bbox 963 2656 1057 2685; x_wconf 93' lang='lat' dir='ltr'>meo</span> <span class='ocrx_word' id='word_1_216' title='bbox 1079 2642 1271 2698; x_wconf 85' lang='lat' dir='ltr'>sigillum</span> <span class='ocrx_word' id='word_1_217' title='bbox 1291 2656 1434 2684; x_wconf 89' lang='lat' dir='ltr'>meum</span> <span class='ocrx_word' id='word_1_218' title='bbox 1456 2641 1645 2697; x_wconf 87' lang='lat' dir='ltr'>apposui.</span> 
     </span>
    </p>
   </div>
   <div class='ocr_carea' id='block_1_13' title="bbox 127 2731 2018 2789">
    <p class='ocr_par' dir='ltr' id='par_1_13' title="bbox 127 2731 2018 2789">
     <span class='ocr_line' id='line_1_26' title="bbox 127 2731 2018 2789; baseline -0.003 -10"><span class='ocrx_word' id='word_1_219' title='bbox 127 2736 290 2779; x_wconf 86' lang='lat' dir='ltr'>Datum</span> <span class='ocrx_word' id='word_1_220' title='bbox 311 2739 457 2778; x_wconf 86' lang='lat' dir='ltr'>octavo</span> <span class='ocrx_word' id='word_1_221' title='bbox 478 2735 547 2777; x_wconf 88' lang='lat' dir='ltr'>die</span> <span class='ocrx_word' id='word_1_222' title='bbox 569 2733 764 2777; x_wconf 89' lang='lat' dir='ltr'>Octobris</span> <span class='ocrx_word' id='word_1_223' title='bbox 784 2748 897 2776; x_wconf 85' lang='lat' dir='ltr'>anno</span> <span class='ocrx_word' id='word_1_224' title='bbox 918 2734 1042 2789; x_wconf 89' lang='lat' dir='ltr'>regni</span> <span class='ocrx_word' id='word_1_225' title='bbox 1063 2732 1222 2775; x_wconf 80' lang='lat' dir='ltr'><strong>MARIE</strong></span> <span class='ocrx_word' id='word_1_226' title='bbox 1255 2732 1338 2775; x_wconf 91' lang='lat' dir='ltr'>Dei</span> <span class='ocrx_word' id='word_1_227' title='bbox 1369 2732 1512 2789; x_wconf 87' lang='lat' dir='ltr'>gracia</span> <span class='ocrx_word' id='word_1_228' title='bbox 1541 2732 1727 2774; x_wconf 80' lang='lat' dir='ltr'>ANGLIE</span> <span class='ocrx_word' id='word_1_229' title='bbox 1749 2731 1954 2773; x_wconf 64' lang='lat' dir='ltr'>Famem</span> <span class='ocrx_word' id='word_1_230' title='bbox 1976 2738 2018 2774; x_wconf 85' lang='lat' dir='ltr'>et</span> 
     </span>
    </p>
   </div>
   <div class='ocr_carea' id='block_1_14' title="bbox 68 2821 2016 2881">
    <p class='ocr_par' dir='ltr' id='par_1_14' title="bbox 68 2821 2016 2881">
     <span class='ocr_line' id='line_1_27' title="bbox 68 2821 2016 2881; baseline -0.003 -13"><span class='ocrx_word' id='word_1_231' title='bbox 68 2826 309 2869; x_wconf 83' lang='lat' dir='ltr'><strong>HIBERNIE</strong></span> <span class='ocrx_word' id='word_1_232' title='bbox 331 2826 499 2881; x_wconf 82' lang='lat' dir='ltr'>Regine</span> <span class='ocrx_word' id='word_1_233' title='bbox 520 2825 620 2868; x_wconf 88' lang='lat' dir='ltr'>fidei</span> <span class='ocrx_word' id='word_1_234' title='bbox 641 2824 876 2868; x_wconf 77' lang='lat' dir='ltr'>defensoris</span> <span class='ocrx_word' id='word_1_235' title='bbox 910 2827 952 2867; x_wconf 89' lang='lat' dir='ltr'>et</span> <span class='ocrx_word' id='word_1_236' title='bbox 982 2824 1028 2867; x_wconf 89' lang='lat' dir='ltr'>in</span> <span class='ocrx_word' id='word_1_237' title='bbox 1059 2828 1171 2865; x_wconf 88' lang='lat' dir='ltr'>terra</span> <span class='ocrx_word' id='word_1_238' title='bbox 1202 2823 1371 2866; x_wconf 88' lang='lat' dir='ltr'>ecclesie</span> <span class='ocrx_word' id='word_1_239' title='bbox 1393 2822 1666 2866; x_wconf 83' lang='lat' dir='ltr'>ANGLICANE</span> <span class='ocrx_word' id='word_1_240' title='bbox 1688 2826 1730 2864; x_wconf 89' lang='lat' dir='ltr'>et</span> <span class='ocrx_word' id='word_1_241' title='bbox 1751 2821 2016 2864; x_wconf 70' lang='lat' dir='ltr'>HIBERMCR</span> 
     </span>
    </p>
   </div>
   <div class='ocr_carea' id='block_1_15' title="bbox 68 2916 1956 3027">
    <p class='ocr_par' dir='ltr' id='par_1_15' title="bbox 68 2916 1956 3027">
     <span class='ocr_line' id='line_1_28' title="bbox 68 2916 1816 2974; baseline -0.004 -14"><span class='ocrx_word' id='word_1_242' title='bbox 68 2918 253 2974; x_wconf 86' lang='lat' dir='ltr'>supremi</span> <span class='ocrx_word' id='word_1_243' title='bbox 274 2917 422 2973; x_wconf 89' lang='lat' dir='ltr'>capitis</span> <span class='ocrx_word' id='word_1_244' title='bbox 442 2916 592 2972; x_wconf 91' lang='lat' dir='ltr'>primo.</span> <span class='ocrx_word' id='word_1_245' title='bbox 1814 2944 1816 2947; x_wconf 90' lang='lat'>.</span> 
     </span>
     <span class='ocr_line' id='line_1_29' title="bbox 1360 2968 1956 3027; baseline -0.003 -15"><span class='ocrx_word' id='word_1_246' title='bbox 1360 2969 1524 3027; x_wconf 85' lang='lat' dir='ltr'>Signed</span> <span class='ocrx_word' id='word_1_247' title='bbox 1583 2969 1612 3012; x_wconf 87' lang='lat' dir='ltr'><strong>J</strong></span> <span class='ocrx_word' id='word_1_248' title='bbox 1615 2983 1709 3011; x_wconf 69' lang='lat' dir='ltr'>orm</span> <span class='ocrx_word' id='word_1_249' title='bbox 1730 2968 1956 3011; x_wconf 66' lang='lat' dir='ltr'>Bnmevs.</span> 
     </span>
    </p>
   </div>
   <div class='ocr_carea' id='block_1_16' title="bbox 125 3044 1037 3102">
    <p class='ocr_par' dir='ltr' id='par_1_16' title="bbox 125 3044 1037 3102">
     <span class='ocr_line' id='line_1_30' title="bbox 125 3044 1037 3102; baseline -0.002 -12"><span class='ocrx_word' id='word_1_250' title='bbox 125 3047 260 3091; x_wconf 80' lang='lat' dir='ltr'>Small</span> <span class='ocrx_word' id='word_1_251' title='bbox 280 3048 379 3100; x_wconf 89' lang='lat' dir='ltr'>seal,</span> <span class='ocrx_word' id='word_1_252' title='bbox 400 3048 476 3089; x_wconf 88' lang='lat' dir='ltr'>red</span> <span class='ocrx_word' id='word_1_253' title='bbox 496 3061 590 3090; x_wconf 86' lang='lat' dir='ltr'>wax</span> <span class='ocrx_word' id='word_1_254' title='bbox 610 3062 619 3089; x_wconf 72' lang='grc' dir='ltr'>ε</span> <span class='ocrx_word' id='word_1_255' title='bbox 652 3061 678 3089; x_wconf 88' lang='lat' dir='ltr'>a</span> <span class='ocrx_word' id='word_1_256' title='bbox 700 3044 911 3102; x_wconf 85' lang='lat' dir='ltr'>leopard&#39;s</span> <span class='ocrx_word' id='word_1_257' title='bbox 933 3046 1037 3088; x_wconf 78' lang='lat' dir='ltr'>face.</span> 
     </span>
    </p>
   </div>
  </div>
 </body>
</html>
