2912 4368
507 612 617 654 1734

449 819 638 875 plenarie
660 819 1005 875 complendorum
1026 817 1242 860 reddendo
1270 817 1370 859 inde
1402 817 1638 869 annuatim,
1661 822 1753 870 etc.,
1775 833 1851 874 pro
1873 818 2060 874 predicto
2081 819 2326 861 molendino
2355 822 2397 861 et

449 911 573 952 terris
613 910 812 966 predictis
851 917 981 951 var'·
1014 908 1130 951 and-
1177 908 1482 963 sterlingorum
1523 908 1742 951 solvendos
1789 911 1843 950 ad
1884 909 2012 951 festos
2057 910 2399 951 annunciationis

449 1001 571 1043 beate
605 1001 765 1043 MAROE
798 1001 976 1057 virginis
1009 1004 1063 1053 etr
1091 999 1236 1042 Sancti
1273 998 1546 1050 MICHAELIS,
1577 1002 1670 1050 etc.,
1700 1005 1741 1040 et
1772 1014 1848 1054 pro
1880 999 2070 1054 predicta
2098 1000 2223 1041 firma
2251 1000 2403 1042 tolneti

448 1099 625 1134 xxanff·
650 1096 690 1134 et
722 1092 827 1134 111Jd·
852 1092 905 1133 ad
933 1091 1090 1132 festum
1123 1090 1268 1132 Sancti
1297 1089 1555 1131 Mmfflssms
1577 1091 1758 1131 tantum.
1820 1089 1879 1131 Et
1910 1090 2127 1144 predictus
2156 1090 2184 1132 J
2189 1104 2397 1132 OHANNES

451 1184 688 1239 predictum
709 1183 1002 1224 molendinum
1022 1195 1117 1222 cum
1139 1180 1334 1222 omnibus
1361 1179 1604 1235 gurgitibus
1636 1180 1773 1221 eidem
1804 1180 2047 1222 molendino
2081 1180 2392 1235 pertinentibus

449 1278 490 1316 et
537 1274 680 1315 omnia
724 1274 807 1315 alia
848 1288 928 1327 que
970 1272 1023 1313 ad
1065 1272 1227 1313 dictum
1268 1271 1561 1312 molendinum
1602 1271 1817 1325 pertinent
1858 1270 1965 1312 bene
2016 1274 2058 1312 et
2114 1274 2399 1325 competenter

452 1364 663 1406 edificabit
713 1363 924 1419 reparavit
969 1364 1055 1417 (sic)
1111 1369 1151 1404 et
1191 1365 1403 1403 susteneat
1435 1377 1481 1402 ac
1517 1365 1791 1402 manuteneat
1824 1361 2063 1416 sumptibus
2096 1362 2180 1403 suis
2223 1361 2402 1416 propriis

449 1463 489 1497 et
557 1455 751 1511 expensis
815 1455 996 1495 durante
1058 1453 1238 1494 termino
1304 1453 1504 1507 predicto,
1569 1457 1743 1507 excepto
1804 1452 1917 1506 quod
1971 1452 2109 1493 dictus
2165 1452 2193 1493 J
2197 1466 2404 1493 OHANNES

449 1546 621 1588 habebit
643 1547 694 1588 de
716 1545 837 1587 nobis
858 1548 899 1586 et
921 1543 1145 1586 heredibus
1168 1544 1319 1585 nostris
1352 1557 1543 1599 grossum
1575 1543 1823 1584 meremium
1856 1557 1929 1597 pro
1961 1543 2269 1584 sustentacione
2295 1543 2398 1585 dicti

450 1638 684 1680 molendini
712 1651 894 1679 unacum
918 1636 1050 1692 virgis
1079 1636 1235 1677 vocatis
1272 1634 1549 1677 Wmmxcffls
1586 1637 1625 1675 et
1664 1633 1789 1689 pollis
1826 1648 1900 1688 pro
1936 1633 1974 1674 le
2001 1648 2130 1675 weres
2162 1634 2206 1674 in
2238 1634 2405 1676 forestis

450 1729 603 1771 nostris
623 1743 698 1784 per
718 1728 856 1769 visum
885 1730 927 1768 et
958 1725 1256 1767 liberacionem
1283 1725 1616 1767 {forestariorum
1648 1732 1889 1766 nostrorum
1919 1723 2077 1765 ibidem
2108 1739 2183 1779 pro
2216 1728 2403 1780 tempore

452 1820 726 1862 existentium
748 1823 789 1860 et
811 1819 867 1860 sic
889 1817 1104 1873 prefatum
1131 1816 1428 1858 molendinum
1455 1831 1550 1857 cum
1574 1815 1769 1856 omnibus
1791 1815 1875 1856 suis
1897 1815 2169 1870 pertinenciis
2191 1816 2403 1870 predictus

453 1911 693 1954 JOHANNES
725 1910 769 1951 in
806 1910 889 1951 fine
924 1908 1095 1950 termini
1130 1907 1195 1949 sui
1230 1907 1407 1962 predicti
1442 1941 1448 1947 .
1486 1941 1493 1947 .
1530 1940 1536 1947 .
1575 1941 1580 1947 .
1616 1910 1657 1948 et
1691 1912 1982 1961 computenter
2021 1907 2106 1959 (sic)
2146 1907 2402 1958 edificatum,

453 2006 752 2052 sustentatum,
776 2005 817 2042 et
838 2002 1080 2055 reparatum
1102 1998 1310 2040 demittet.
1372 1998 1547 2039 Proviso
1571 2012 1733 2052 semper
1755 1998 1867 2051 quod
1890 1997 1922 2038 si
1945 1997 2166 2052 contingat
2190 1997 2405 2039 redditum

453 2093 688 2149 predictum
723 2094 859 2133 aretro
901 2090 990 2132 fore
1030 2090 1075 2131 in
1118 2093 1236 2145 parte
1273 2090 1339 2131 vel
1375 2089 1420 2130 in
1456 2092 1545 2130 toto
1587 2104 1660 2143 per
1694 2103 1764 2129 sex
1810 2088 2065 2142 septimanas
2102 2096 2194 2142 post
2233 2088 2407 2142 aliquod

456 2185 686 2227 terminum
715 2184 952 2239 predictum
985 2197 1069 2224 non
1101 2181 1287 2223 solutum
1320 2180 1385 2221 vel
1419 2180 1452 2221 si
1480 2180 1718 2235 predictum
1755 2179 2050 2220 molendinum
2083 2194 2178 2221 cum
2211 2179 2407 2221 omnibus

456 2276 633 2331 prefatis
655 2275 739 2317 suis
764 2273 1036 2329 pertinenciis
1066 2288 1151 2313 non
1180 2272 1231 2313 sit
1260 2271 1482 2312 annuatim
1509 2270 1616 2312 bene
1646 2276 1684 2312 et
1712 2274 2009 2325 computentur
2045 2271 2130 2324 (sic)
2163 2271 2407 2312 edificatum

460 2370 744 2409 sustentatum
778 2371 817 2406 et
853 2368 1108 2420 reparatum,
1133 2364 1245 2419 quod
1280 2367 1433 2403 extunc
1466 2361 1608 2403 licebit
1638 2361 1759 2403 nobis
1790 2361 1954 2416 prefato
1984 2362 2080 2403 duci
2112 2366 2153 2402 et
2184 2361 2408 2404 heredibus

461 2459 614 2501 nostris
650 2457 694 2499 in
736 2456 923 2512 predicto
960 2455 1203 2497 molendino
1246 2469 1340 2495 cum
1383 2454 1578 2495 omnibus
1615 2454 1700 2495 suis
1735 2454 2006 2508 pertinenciis
2043 2454 2248 2495 reintrare
2285 2457 2326 2494 et
2362 2453 2407 2495 in

465 2551 692 2606 pristinum
734 2546 939 2603 statu[m]
985 2546 1178 2596 retinere,
1221 2545 1303 2587 hiis
1344 2545 1476 2586 literis
1517 2545 1670 2586 nostris
1712 2544 1955 2600 patentibus
1996 2559 2080 2586 non
2131 2543 2407 2586 obstantibus.

466 2643 521 2684 ln
543 2642 674 2696 cujus,
694 2645 770 2682 etc.

523 2735 700 2783 Datum,
724 2737 815 2782 etc„
839 2734 965 2771 xxm&
990 2729 1057 2770 die
1081 2727 1303 2770 Februarii
1325 2742 1436 2769 anno
1458 2727 1579 2782 regni
1602 2727 1734 2782 Regis
1757 2726 1960 2767 Hemina
1987 2741 2067 2769 rm.
2094 2727 2286 2767 secundo.

530 2824 821 2866 Endorsed—‘
838 2822 865 2864 J
870 2836 1001 2877 asper,
1025 2820 1151 2861 Duke
1175 2819 1218 2861 of
1241 2818 1445 2870 Bedford,
1468 2833 1513 2859 as
1532 2823 1575 2859 to
1597 2817 1786 2873 Kenfig.'

1273 2911 1319 2938 «li
1366 2909 1523 2938 Seizuanz.
1548 2908 1615 2936 MS.

897 2969 944 3003 ⁴⁸2)
990 2965 1150 3003 'Pipider‘
1169 2965 1193 2993 is
1211 2966 1258 2993 tor
1275 2965 1328 2992 the:
1347 2965 1483 2993 familiar
1500 2964 1699 3001 'piepowder
1714 2965 1718 2970 “
1736 2966 1767 2992 ot'
1791 2964 1915 2993 ancient
1934 2964 2003 2992 law.
