2362 3392
275 230 389 270 2064

215 450 266 478 ex
287 439 406 492 parte
427 436 676 479 occidentali
692 440 734 479 et
748 439 882 479 terras
898 436 1039 480 Gmo
1055 452 1108 493 ap
1125 437 1279 480 JEVAN
1301 452 1354 493 ap
1377 437 1545 480 Pmmp
1566 454 1619 481 ex
1634 442 1755 495 parte
1772 439 1969 482 orientali
1989 442 2031 482 et
2046 439 2161 482 inter

213 530 347 569 terras
378 527 576 569 Howssm
598 542 652 583 ap
673 527 877 569 MORGAN
898 543 951 570 ex
971 531 1092 583 parte
1105 527 1258 570 boriali
1278 531 1321 570 et
1351 527 1569 571 Pmmpm
1591 545 1645 585 ap
1666 530 1696 573 J
1699 544 1817 572 EVAN
1842 545 1896 586 ap
1918 530 2087 572 Pmm
2109 545 2162 573 ex

209 620 329 673 parte
359 618 534 660 australi
565 618 610 660 in
632 618 831 674 paroehia
851 618 904 660 de
934 617 1207 661 LANGONOH)
1227 619 1418 674 predicta
1447 620 1494 661 in
1524 620 1729 662 comitatu
1749 620 1938 676 predicto
1968 636 2043 676 per
2063 635 2160 663 suas

209 711 343 751 metas
383 712 424 751 et
463 708 626 751 bondas
666 724 719 751 ex
759 709 936 765 antiquo
972 709 1164 765 cognitas
1199 713 1241 751 et
1277 710 1467 752 usitatas.
1541 710 1806 753 Habendum
1841 712 2078 753 tenendum
2117 715 2162 753 et

206 800 483 856 gaudendum
504 799 666 842 dietum
693 799 981 856 messuagium
1002 802 1221 855 ceteraque
1242 800 1446 855 premissa
1470 815 1567 843 oum
1595 800 1681 843 suis
1701 801 1970 856 pertinentiis
1994 800 2160 857 prefato

203 890 232 933 J
236 905 385 932 EVANO
417 894 459 933 et
491 890 716 933 heredibus
750 891 836 932 suis
867 891 1183 946 imperpetuum
1212 892 1264 934 de
1293 891 1544 948 capitalibus
1575 891 1760 934 dominis
1788 891 1905 934 feodi
1935 891 2052 934 illius
2081 906 2157 948 per

204 981 378 1024 servicia
398 981 498 1024 inde
518 981 636 1037 prius
657 981 801 1024 debita
822 984 864 1024 et
885 981 981 1037 jure
1010 984 1220 1024 consueta.
1282 981 1375 1024 Nos
1402 997 1500 1024 vero
1531 981 1688 1037 prefati
1715 980 2003 1025 WILLELMUS
2023 981 2157 1024 DAvY

203 1075 245 1114 et
265 1072 296 1115 J
298 1087 507 1114 OHANNES
530 1071 721 1116 WILLIM
742 1076 784 1114 et
804 1072 979 1115 heredes
995 1072 1128 1114 nostri
1148 1073 1386 1128 predictum
1408 1072 1695 1129 messuagium
1712 1076 1934 1128 ceteraque
1951 1071 2155 1127 premissa

200 1179 297 1206 eum
317 1164 498 1220 singulis
519 1164 604 1206 suis
624 1163 894 1219 pertinentiis
914 1163 1081 1219 prefato
1102 1163 1131 1206 J
1136 1178 1283 1206 EVANo
1305 1179 1358 1219 ap
1379 1163 1408 1206 J
1412 1178 1558 1205 ANKIN
1582 1166 1623 1205 et
1653 1161 1880 1206 heredibus
1902 1163 1988 1205 suis
2009 1165 2155 1206 eontra

200 1270 345 1298 omnes
384 1259 534 1311 gentes
573 1254 953 1298 warantizabimus.
1031 1254 1088 1297 In
1127 1255 1195 1311 cuj
1203 1270 1251 1297 us
1290 1255 1351 1297 rei
1392 1253 1685 1296 testimonium
1727 1253 1919 1310 sigillum
1959 1256 2154 1297 nostrum

199 1346 471 1402 apposuimus
500 1346 598 1389 huic
620 1346 806 1402 presenti
828 1349 940 1388 carte
962 1350 1117 1388 nostre.

254 1437 419 1481 Datum
452 1438 580 1480 tercio
611 1438 680 1480 die
712 1437 867 1480 mensis
901 1437 931 1480 J
934 1437 1011 1479 ulii
1046 1452 1158 1479 anno
1189 1437 1312 1493 regni
1341 1436 1636 1478 ELIZABETHE
1667 1434 1751 1478 Dei
1784 1435 1928 1491 gracia
1966 1435 2152 1478 ANGLIE

195 1529 400 1571 FRANCIE
423 1535 464 1571 et
485 1528 726 1571 HIBERNIE
751 1528 919 1585 Regine
940 1528 1038 1570 fidei
1060 1528 1294 1570 defensoris
1315 1531 1407 1580 eto„
1433 1527 1624 1582 septimo.

252 1619 355 1663 Two
376 1620 500 1662 small
521 1620 651 1662 seals:
687 1621 724 1672 1,
747 1619 899 1661 Initial
919 1619 1046 1661 letter
1067 1618 1152 1670 W;
1185 1622 1226 1673 2,
1249 1618 1399 1661 Initial
1421 1619 1546 1661 letter
1566 1617 1629 1660 M.

250 1712 544 1754 Endorsed—‘
559 1710 712 1754 Sealed
738 1711 825 1753 and
845 1710 1059 1753 delivered
1079 1710 1124 1752 in
1146 1710 1219 1752 the
1246 1724 1417 1766 presens
1437 1708 1482 1751 of
1503 1709 1689 1765 Morgan
1711 1723 1764 1764 ap
1787 1707 1934 1760 Hoell,
1957 1707 2147 1751 Riohard

186 1802 370 1854 Willim‚
394 1801 631 1857 Llewellyn
655 1801 840 1853 Griffith,
864 1800 1053 1844 Richard
1074 1816 1128 1857 ap
1150 1800 1179 1843 J
1182 1816 1305 1852 euan,
1329 1800 1358 1843 J
1361 1815 1471 1843 euan
1493 1799 1679 1842 Thomas
1700 1814 1753 1855 ap
1775 1799 1805 1842 J
1808 1814 1932 1851 euan,
1955 1798 2141 1856 Morgan

187 1908 240 1949 ap
263 1893 473 1949 Hopkyn,
495 1892 610 1935 John
634 1907 687 1948 ap
709 1892 877 1945 Rosser,
901 1895 943 1934 et
963 1891 1081 1935 John
1103 1907 1156 1948 ap
1178 1891 1296 1934 John
1317 1890 1465 1933 Moro'.

1003 2115 1328 2159 MCCCOXLI.

187 2224 592 2270 ASSIGNMENT
632 2225 719 2268 BY
759 2224 861 2268 SIR
893 2223 1184 2267 RICHARD
1215 2221 1574 2266 CROMWELL
1606 2220 1766 2274 KNT„
1799 2220 1876 2264 ΤΟ
1909 2219 2140 2263 HENRY

331 2316 528 2368 HYDE,
599 2315 678 2359 OF
728 2315 772 2358 A
834 2315 1005 2358 RENT
1075 2315 1154 2357 OF
1217 2315 1305 2357 40s.
1381 2312 1683 2356 GRANTED
1739 2311 1827 2355 BY
1886 2310 2139 2354 LEYSAN

334 2406 606 2459 THOMAS,
657 2406 864 2449 ABBOT
915 2405 994 2448 OF
1042 2404 1279 2457 NEATH,
1321 2403 1447 2447 OUT
1488 2403 1567 2446 OF
1612 2403 1743 2446 THE
1794 2401 2021 2445 MANOR
2062 2401 2140 2445 OF

334 2496 838 2541 LAMBLETHYAN.

690 2603 842 2660 [Bm'r.
877 2603 1009 2655 Mus„
1042 2602 1178 2646 Ann:
1213 2602 1399 2645 CHART:
1433 2600 1628 2658 34‚266.]

1372 2694 1427 2734 22
1458 2692 1642 2735 MARCH.
1705 2693 1731 2734 8
1763 2691 1888 2733 ΕΗΖ.
1952 2691 2077 2733 1566.

245 2805 309 2848 To
350 2805 408 2847 all
446 2808 575 2847 trewe
608 2803 805 2846 Christen
837 2802 988 2858 people
1023 2806 1126 2844 vnto
1162 2801 1326 2844 whome
1360 2800 1454 2843 thes
1488 2803 1660 2856 present
1691 2799 1837 2841 letters
1872 2797 1982 2840 shall
2017 2812 2133 2840 come

186 2896 356 2939 HENRY
398 2894 641 2938 WILLIAMS
681 2893 786 2935 alias
827 2892 1100 2934 CROMWELL'
1142 2892 1187 2935 of
1226 2891 1674 2934 HYNCHYNGEBROKE
1713 2889 1760 2931 in
1795 2889 1868 2931 the
1898 2890 2057 2944 eounty
2087 2887 2134 2931 of

184 2987 500 3030 HUNTINGDON
532 2984 730 3042 Knighte
761 2983 930 3026 sendith
961 2983 1158 3040 gretinge
1188 2983 1234 3024 in
1266 2997 1344 3024 our
1373 2982 1490 3024 lorde
1522 2980 1618 3023 Grod
1649 2978 1944 3035 everlastinge.
