<?xml version="1.0" encoding="UTF-8"?>
<!DOCTYPE html PUBLIC "-//W3C//DTD XHTML 1.0 Transitional//EN"
    "http://www.w3.org/TR/xhtml1/DTD/xhtml1-transitional.dtd">
<html xmlns="http://www.w3.org/1999/xhtml" xml:lang="en" lang="en">
 <head>
  <title>
</title>
<meta http-equiv="Content-Type" content="text/html;charset=utf-8" />
  <meta name='ocr-system' content='tesseract 3.04.00' />
  <meta name='ocr-capabilities' content='ocr_page ocr_carea ocr_par ocr_line ocrx_word'/>
</head>
<body>
  <div class='ocr_page' id='page_1' title='image "./cartaeetaliamuni05claruoft_0039.png"; bbox 0 0 2362 3392; ppageno 0'>
   <div class='ocr_carea' id='block_1_1' title="bbox 1905 212 2013 253">
    <p class='ocr_par' dir='ltr' id='par_1_1' title="bbox 1905 212 2013 253">
     <span class='ocr_line' id='line_1_1' title="bbox 1905 212 2013 253; baseline 0 0"><span class='ocrx_word' id='word_1_1' title='bbox 1905 212 2013 253; x_wconf 84' lang='grc'><strong>1661</strong></span> 
     </span>
    </p>
   </div>
   <div class='ocr_carea' id='block_1_2' title="bbox 111 416 2074 2923">
    <p class='ocr_par' dir='ltr' id='par_1_2' title="bbox 114 416 2074 2468">
     <span class='ocr_line' id='line_1_2' title="bbox 187 416 2074 473; baseline 0.002 -15"><span class='ocrx_word' id='word_1_2' title='bbox 187 416 247 472; x_wconf 88' lang='grc'>(5)</span> <span class='ocrx_word' id='word_1_3' title='bbox 279 416 431 459; x_wconf 83' lang='lat' dir='ltr'>Sciatis</span> <span class='ocrx_word' id='word_1_4' title='bbox 446 431 523 459; x_wconf 87' lang='lat' dir='ltr'>nos</span> <span class='ocrx_word' id='word_1_5' title='bbox 539 417 591 459; x_wconf 92' lang='lat' dir='ltr'>de</span> <span class='ocrx_word' id='word_1_6' title='bbox 605 416 747 472; x_wconf 88' lang='lat' dir='ltr'>gracia</span> <span class='ocrx_word' id='word_1_7' title='bbox 763 419 907 460; x_wconf 90' lang='lat' dir='ltr'>nostra</span> <span class='ocrx_word' id='word_1_8' title='bbox 923 417 1094 473; x_wconf 88' lang='lat' dir='ltr'>speciali</span> <span class='ocrx_word' id='word_1_9' title='bbox 1108 416 1355 460; x_wconf 79' lang='lat' dir='ltr'>concessisse</span> <span class='ocrx_word' id='word_1_10' title='bbox 1370 419 1412 459; x_wconf 91' lang='lat' dir='ltr'>et</span> <span class='ocrx_word' id='word_1_11' title='bbox 1425 416 1505 459; x_wconf 88' lang='lat' dir='ltr'>hac</span> <span class='ocrx_word' id='word_1_12' title='bbox 1517 423 1632 460; x_wconf 83' lang='lat' dir='ltr'>carta</span> <span class='ocrx_word' id='word_1_13' title='bbox 1647 420 1790 460; x_wconf 88' lang='lat' dir='ltr'>nostra</span> <span class='ocrx_word' id='word_1_14' title='bbox 1807 419 2074 461; x_wconf 87' lang='lat' dir='ltr'>confirmasse</span> 
     </span>
     <span class='ocr_line' id='line_1_3' title="bbox 121 506 2069 564; baseline 0.001 -15"><span class='ocrx_word' id='word_1_15' title='bbox 121 506 273 549; x_wconf 87' lang='lat' dir='ltr'>dilecto</span> <span class='ocrx_word' id='word_1_16' title='bbox 294 509 337 549; x_wconf 89' lang='lat' dir='ltr'>et</span> <span class='ocrx_word' id='word_1_17' title='bbox 357 506 473 549; x_wconf 88' lang='lat' dir='ltr'>fideli</span> <span class='ocrx_word' id='word_1_18' title='bbox 492 510 635 550; x_wconf 85' lang='lat' dir='ltr'>nostro</span> <span class='ocrx_word' id='word_1_19' title='bbox 657 507 850 550; x_wconf 68' lang='lat' dir='ltr'>Hmom</span> <span class='ocrx_word' id='word_1_20' title='bbox 871 508 911 550; x_wconf 92' lang='lat' dir='ltr'>le</span> <span class='ocrx_word' id='word_1_21' title='bbox 932 507 1201 550; x_wconf 81' lang='lat' dir='ltr'>DESPENSER</span> <span class='ocrx_word' id='word_1_22' title='bbox 1222 507 1385 563; x_wconf 84' lang='lat' dir='ltr'>juniori</span> <span class='ocrx_word' id='word_1_23' title='bbox 1415 508 1528 563; x_wconf 88' lang='lat' dir='ltr'>quod</span> <span class='ocrx_word' id='word_1_24' title='bbox 1548 508 1637 564; x_wconf 90' lang='lat' dir='ltr'>ipse</span> <span class='ocrx_word' id='word_1_25' title='bbox 1668 512 1711 551; x_wconf 89' lang='lat' dir='ltr'>et</span> <span class='ocrx_word' id='word_1_26' title='bbox 1740 508 1914 551; x_wconf 86' lang='lat' dir='ltr'>heredes</span> <span class='ocrx_word' id='word_1_27' title='bbox 1935 510 2000 551; x_wconf 88' lang='lat' dir='ltr'>sui</span> <span class='ocrx_word' id='word_1_28' title='bbox 2021 524 2069 551; x_wconf 89' lang='lat' dir='ltr'>ac</span> 
     </span>
     <span class='ocr_line' id='line_1_4' title="bbox 120 597 2067 653; baseline 0.002 -14"><span class='ocrx_word' id='word_1_29' title='bbox 120 611 266 639; x_wconf 90' lang='lat' dir='ltr'>eorum</span> <span class='ocrx_word' id='word_1_30' title='bbox 286 597 518 653; x_wconf 80' lang='lat' dir='ltr'>burgenses</span> <span class='ocrx_word' id='word_1_31' title='bbox 547 601 590 640; x_wconf 91' lang='lat' dir='ltr'>et</span> <span class='ocrx_word' id='word_1_32' title='bbox 620 598 694 639; x_wconf 91' lang='lat' dir='ltr'>alii</span> <span class='ocrx_word' id='word_1_33' title='bbox 724 598 918 641; x_wconf 89' lang='lat' dir='ltr'>homines</span> <span class='ocrx_word' id='word_1_34' title='bbox 949 602 991 641; x_wconf 92' lang='lat' dir='ltr'>et</span> <span class='ocrx_word' id='word_1_35' title='bbox 1021 601 1214 641; x_wconf 89' lang='lat' dir='ltr'>tenentes</span> <span class='ocrx_word' id='word_1_36' title='bbox 1244 599 1296 641; x_wconf 91' lang='lat' dir='ltr'>de</span> <span class='ocrx_word' id='word_1_37' title='bbox 1327 597 1522 640; x_wconf 76' lang='lat' dir='ltr'>KERDYF</span> <span class='ocrx_word' id='word_1_38' title='bbox 1557 633 1565 641; x_wconf 88' lang='lat'><strong><em>.</em></strong></span> <span class='ocrx_word' id='word_1_39' title='bbox 1599 598 1703 641; x_wconf 82' lang='lat' dir='ltr'>USK</span> <span class='ocrx_word' id='word_1_40' title='bbox 1737 632 1745 641; x_wconf 86' lang='lat'><strong>.</strong></span> <span class='ocrx_word' id='word_1_41' title='bbox 1779 599 2024 642; x_wconf 83' lang='lat' dir='ltr'><strong>KAERLION</strong></span> <span class='ocrx_word' id='word_1_42' title='bbox 2059 632 2067 642; x_wconf 94' lang='lat'><strong>.</strong></span> 
     </span>
     <span class='ocr_line' id='line_1_5' title="bbox 121 687 2070 733; baseline 0.001 -3"><span class='ocrx_word' id='word_1_43' title='bbox 121 687 343 731; x_wconf 83' lang='lat' dir='ltr'>NEUPORT</span> <span class='ocrx_word' id='word_1_44' title='bbox 365 722 374 730; x_wconf 94' lang='grc'><strong>.</strong></span> <span class='ocrx_word' id='word_1_45' title='bbox 399 687 676 730; x_wconf 81' lang='lat' dir='ltr'><strong>COUBRUGGE</strong></span> <span class='ocrx_word' id='word_1_46' title='bbox 700 721 709 731; x_wconf 90' lang='lat'><strong>.</strong></span> <span class='ocrx_word' id='word_1_47' title='bbox 732 688 902 731; x_wconf 82' lang='grc' dir='ltr'><strong>ΝΕΕΤΗ</strong></span> <span class='ocrx_word' id='word_1_48' title='bbox 925 723 933 731; x_wconf 94' lang='grc'><strong>.</strong></span> <span class='ocrx_word' id='word_1_49' title='bbox 957 692 1000 732; x_wconf 86' lang='lat' dir='ltr'>et</span> <span class='ocrx_word' id='word_1_50' title='bbox 1020 689 1247 732; x_wconf 83' lang='lat' dir='ltr'>KENEFEG</span> <span class='ocrx_word' id='word_1_51' title='bbox 1267 689 1313 731; x_wconf 93' lang='lat' dir='ltr'>in</span> <span class='ocrx_word' id='word_1_52' title='bbox 1335 689 1532 733; x_wconf 77' lang='lat' dir='ltr'><strong>WALLIA</strong></span> <span class='ocrx_word' id='word_1_53' title='bbox 1563 690 1615 731; x_wconf 91' lang='lat' dir='ltr'>de</span> <span class='ocrx_word' id='word_1_54' title='bbox 1647 689 1843 732; x_wconf 90' lang='lat' dir='ltr'>omnibus</span> <span class='ocrx_word' id='word_1_55' title='bbox 1871 689 1997 733; x_wconf 90' lang='lat' dir='ltr'>rebus</span> <span class='ocrx_word' id='word_1_56' title='bbox 2027 694 2070 732; x_wconf 94' lang='lat' dir='ltr'>et</span> 
     </span>
     <span class='ocr_line' id='line_1_6' title="bbox 121 778 2071 836; baseline 0.001 -15"><span class='ocrx_word' id='word_1_57' title='bbox 121 778 243 821; x_wconf 89' lang='lat' dir='ltr'>bonis</span> <span class='ocrx_word' id='word_1_58' title='bbox 255 779 340 821; x_wconf 79' lang='lat' dir='ltr'>suis</span> <span class='ocrx_word' id='word_1_59' title='bbox 352 781 443 821; x_wconf 88' lang='lat' dir='ltr'>tam</span> <span class='ocrx_word' id='word_1_60' title='bbox 455 779 652 822; x_wconf 85' lang='lat' dir='ltr'>videlicet</span> <span class='ocrx_word' id='word_1_61' title='bbox 665 780 938 823; x_wconf 89' lang='lat' dir='ltr'>mercandisis</span> <span class='ocrx_word' id='word_1_62' title='bbox 953 796 1083 836; x_wconf 86' lang='lat' dir='ltr'>quam</span> <span class='ocrx_word' id='word_1_63' title='bbox 1097 780 1191 822; x_wconf 88' lang='lat' dir='ltr'>aliis</span> <span class='ocrx_word' id='word_1_64' title='bbox 1206 780 1520 836; x_wconf 73' lang='lat' dir='ltr'>imperpetuum</span> <span class='ocrx_word' id='word_1_65' title='bbox 1536 780 1622 822; x_wconf 91' lang='lat' dir='ltr'>sint</span> <span class='ocrx_word' id='word_1_66' title='bbox 1638 781 1772 836; x_wconf 77' lang='lat' dir='ltr'>quieti</span> <span class='ocrx_word' id='word_1_67' title='bbox 1788 782 1841 822; x_wconf 93' lang='lat' dir='ltr'>de</span> <span class='ocrx_word' id='word_1_68' title='bbox 1857 780 2071 823; x_wconf 91' lang='lat' dir='ltr'>theolonio</span> 
     </span>
     <span class='ocr_line' id='line_1_7' title="bbox 118 870 2069 928; baseline 0.001 -16"><span class='ocrx_word' id='word_1_69' title='bbox 118 870 312 926; x_wconf 86' lang='lat' dir='ltr'>muragio</span> <span class='ocrx_word' id='word_1_70' title='bbox 351 870 556 926; x_wconf 85' lang='lat' dir='ltr'>pontagio</span> <span class='ocrx_word' id='word_1_71' title='bbox 589 871 771 927; x_wconf 84' lang='lat' dir='ltr'>pavagio</span> <span class='ocrx_word' id='word_1_72' title='bbox 801 871 983 928; x_wconf 87' lang='lat' dir='ltr'>lastagio</span> <span class='ocrx_word' id='word_1_73' title='bbox 1015 871 1212 927; x_wconf 85' lang='lat' dir='ltr'>stallagio</span> <span class='ocrx_word' id='word_1_74' title='bbox 1243 871 1410 928; x_wconf 87' lang='lat' dir='ltr'>picagio</span> <span class='ocrx_word' id='word_1_75' title='bbox 1441 871 1640 927; x_wconf 85' lang='lat' dir='ltr'>tronagio</span> <span class='ocrx_word' id='word_1_76' title='bbox 1670 871 1842 928; x_wconf 86' lang='lat' dir='ltr'>kaiagio</span> <span class='ocrx_word' id='word_1_77' title='bbox 1884 871 2069 928; x_wconf 87' lang='lat' dir='ltr'>terragio</span> 
     </span>
     <span class='ocr_line' id='line_1_8' title="bbox 118 961 2070 1019; baseline 0.001 -16"><span class='ocrx_word' id='word_1_78' title='bbox 118 976 284 1004; x_wconf 79' lang='lat' dir='ltr'>necnon</span> <span class='ocrx_word' id='word_1_79' title='bbox 313 962 366 1003; x_wconf 92' lang='lat' dir='ltr'>de</span> <span class='ocrx_word' id='word_1_80' title='bbox 397 961 593 1004; x_wconf 90' lang='lat' dir='ltr'>omnibus</span> <span class='ocrx_word' id='word_1_81' title='bbox 623 962 718 1004; x_wconf 88' lang='lat' dir='ltr'>aliis</span> <span class='ocrx_word' id='word_1_82' title='bbox 739 961 943 1004; x_wconf 88' lang='lat' dir='ltr'>custumis</span> <span class='ocrx_word' id='word_1_83' title='bbox 960 965 1001 1004; x_wconf 88' lang='lat' dir='ltr'>et</span> <span class='ocrx_word' id='word_1_84' title='bbox 1023 961 1401 1004; x_wconf 87' lang='lat' dir='ltr'>consuetudinibus</span> <span class='ocrx_word' id='word_1_85' title='bbox 1417 977 1492 1018; x_wconf 88' lang='lat' dir='ltr'>per</span> <span class='ocrx_word' id='word_1_86' title='bbox 1511 965 1652 1004; x_wconf 86' lang='lat' dir='ltr'>totum</span> <span class='ocrx_word' id='word_1_87' title='bbox 1672 977 1856 1019; x_wconf 84' lang='lat' dir='ltr'>regnum</span> <span class='ocrx_word' id='word_1_88' title='bbox 1876 966 2070 1005; x_wconf 86' lang='lat' dir='ltr'>nostrum</span> 
     </span>
     <span class='ocr_line' id='line_1_9' title="bbox 119 1052 2072 1109; baseline 0.001 -15"><span class='ocrx_word' id='word_1_89' title='bbox 119 1067 168 1095; x_wconf 89' lang='lat' dir='ltr'>ac</span> <span class='ocrx_word' id='word_1_90' title='bbox 187 1053 390 1095; x_wconf 87' lang='lat' dir='ltr'>ducatum</span> <span class='ocrx_word' id='word_1_91' title='bbox 416 1055 608 1095; x_wconf 87' lang='lat' dir='ltr'>nostrum</span> <span class='ocrx_word' id='word_1_92' title='bbox 641 1052 925 1098; x_wconf 68' lang='lat' dir='ltr'>AQmTANUM</span> <span class='ocrx_word' id='word_1_93' title='bbox 958 1057 1000 1096; x_wconf 89' lang='lat' dir='ltr'>et</span> <span class='ocrx_word' id='word_1_94' title='bbox 1032 1055 1191 1095; x_wconf 89' lang='lat' dir='ltr'>terram</span> <span class='ocrx_word' id='word_1_95' title='bbox 1223 1055 1412 1095; x_wconf 88' lang='lat' dir='ltr'>nostram</span> <span class='ocrx_word' id='word_1_96' title='bbox 1441 1052 1681 1095; x_wconf 80' lang='lat' dir='ltr'>HIBERNIE</span> <span class='ocrx_word' id='word_1_97' title='bbox 1715 1068 1763 1095; x_wconf 91' lang='lat' dir='ltr'>ac</span> <span class='ocrx_word' id='word_1_98' title='bbox 1792 1053 1966 1096; x_wconf 83' lang='lat' dir='ltr'>aliunde</span> <span class='ocrx_word' id='word_1_99' title='bbox 1996 1068 2072 1109; x_wconf 92' lang='lat' dir='ltr'>per</span> 
     </span>
     <span class='ocr_line' id='line_1_10' title="bbox 120 1142 2072 1199; baseline 0 -14"><span class='ocrx_word' id='word_1_100' title='bbox 120 1146 374 1199; x_wconf 86' lang='lat' dir='ltr'>potestatem</span> <span class='ocrx_word' id='word_1_101' title='bbox 405 1147 594 1186; x_wconf 86' lang='lat' dir='ltr'>nostram</span> <span class='ocrx_word' id='word_1_102' title='bbox 627 1178 634 1186; x_wconf 92' lang='lat'><strong><em>.</em></strong></span> <span class='ocrx_word' id='word_1_103' title='bbox 669 1144 872 1186; x_wconf 90' lang='lat' dir='ltr'>custumis</span> <span class='ocrx_word' id='word_1_104' title='bbox 905 1145 957 1185; x_wconf 92' lang='lat' dir='ltr'>de</span> <span class='ocrx_word' id='word_1_105' title='bbox 983 1143 1093 1185; x_wconf 86' lang='lat' dir='ltr'>lanis</span> <span class='ocrx_word' id='word_1_106' title='bbox 1121 1143 1243 1185; x_wconf 88' lang='lat' dir='ltr'>coriis</span> <span class='ocrx_word' id='word_1_107' title='bbox 1269 1142 1453 1199; x_wconf 89' lang='lat' dir='ltr'>pellibus</span> <span class='ocrx_word' id='word_1_108' title='bbox 1482 1143 1641 1185; x_wconf 87' lang='lat' dir='ltr'>lanutis</span> <span class='ocrx_word' id='word_1_109' title='bbox 1666 1158 1714 1185; x_wconf 87' lang='lat' dir='ltr'>ac</span> <span class='ocrx_word' id='word_1_110' title='bbox 1740 1143 1852 1185; x_wconf 85' lang='lat' dir='ltr'>vinis</span> <span class='ocrx_word' id='word_1_111' title='bbox 1879 1143 2001 1185; x_wconf 90' lang='lat' dir='ltr'>nobis</span> <span class='ocrx_word' id='word_1_112' title='bbox 2028 1147 2072 1186; x_wconf 88' lang='lat' dir='ltr'>et</span> 
     </span>
     <span class='ocr_line' id='line_1_11' title="bbox 119 1233 2071 1290; baseline -0.001 -13"><span class='ocrx_word' id='word_1_113' title='bbox 119 1234 345 1277; x_wconf 83' lang='lat' dir='ltr'>heredibus</span> <span class='ocrx_word' id='word_1_114' title='bbox 360 1235 514 1277; x_wconf 87' lang='lat' dir='ltr'>nostris</span> <span class='ocrx_word' id='word_1_115' title='bbox 530 1234 685 1277; x_wconf 89' lang='lat' dir='ltr'>debitis</span> <span class='ocrx_word' id='word_1_116' title='bbox 701 1235 927 1276; x_wconf 74' lang='lat' dir='ltr'>dumtaxat</span> <span class='ocrx_word' id='word_1_117' title='bbox 942 1234 1139 1289; x_wconf 88' lang='lat' dir='ltr'>exceptis.</span> <span class='ocrx_word' id='word_1_118' title='bbox 1187 1233 1330 1280; x_wconf 78' lang='lat' dir='ltr'>Quare</span> <span class='ocrx_word' id='word_1_119' title='bbox 1352 1234 1546 1276; x_wconf 83' lang='lat' dir='ltr'>volumus</span> <span class='ocrx_word' id='word_1_120' title='bbox 1563 1236 1605 1275; x_wconf 90' lang='lat' dir='ltr'>et</span> <span class='ocrx_word' id='word_1_121' title='bbox 1619 1233 1799 1276; x_wconf 85' lang='lat' dir='ltr'>firmiter</span> <span class='ocrx_word' id='word_1_122' title='bbox 1814 1234 2071 1290; x_wconf 86' lang='lat' dir='ltr'>precipimus</span> 
     </span>
     <span class='ocr_line' id='line_1_12' title="bbox 119 1324 2072 1381; baseline -0.001 -13"><span class='ocrx_word' id='word_1_123' title='bbox 119 1340 196 1381; x_wconf 90' lang='lat' dir='ltr'>pro</span> <span class='ocrx_word' id='word_1_124' title='bbox 212 1325 333 1368; x_wconf 90' lang='lat' dir='ltr'>nobis</span> <span class='ocrx_word' id='word_1_125' title='bbox 354 1329 397 1368; x_wconf 93' lang='lat' dir='ltr'>et</span> <span class='ocrx_word' id='word_1_126' title='bbox 416 1325 641 1368; x_wconf 83' lang='lat' dir='ltr'>heredibus</span> <span class='ocrx_word' id='word_1_127' title='bbox 661 1325 815 1368; x_wconf 87' lang='lat' dir='ltr'>nostris</span> <span class='ocrx_word' id='word_1_128' title='bbox 836 1326 950 1381; x_wconf 89' lang='lat' dir='ltr'>quod</span> <span class='ocrx_word' id='word_1_129' title='bbox 970 1326 1085 1366; x_wconf 90' lang='lat' dir='ltr'>idem</span> <span class='ocrx_word' id='word_1_130' title='bbox 1106 1324 1246 1366; x_wconf 83' lang='lat' dir='ltr'>HUGo</span> <span class='ocrx_word' id='word_1_131' title='bbox 1268 1328 1310 1366; x_wconf 91' lang='lat' dir='ltr'>et</span> <span class='ocrx_word' id='word_1_132' title='bbox 1330 1324 1504 1367; x_wconf 88' lang='lat' dir='ltr'>heredes</span> <span class='ocrx_word' id='word_1_133' title='bbox 1526 1325 1591 1366; x_wconf 89' lang='lat' dir='ltr'>sui</span> <span class='ocrx_word' id='word_1_134' title='bbox 1611 1340 1659 1367; x_wconf 90' lang='lat' dir='ltr'>ac</span> <span class='ocrx_word' id='word_1_135' title='bbox 1680 1340 1824 1367; x_wconf 90' lang='lat' dir='ltr'>eorum</span> <span class='ocrx_word' id='word_1_136' title='bbox 1840 1324 2072 1381; x_wconf 83' lang='lat' dir='ltr'>burgenses</span> 
     </span>
     <span class='ocr_line' id='line_1_13' title="bbox 120 1414 2071 1471; baseline 0.001 -13"><span class='ocrx_word' id='word_1_137' title='bbox 120 1419 163 1458; x_wconf 88' lang='lat' dir='ltr'>et</span> <span class='ocrx_word' id='word_1_138' title='bbox 196 1416 270 1458; x_wconf 90' lang='lat' dir='ltr'>alii</span> <span class='ocrx_word' id='word_1_139' title='bbox 298 1416 491 1458; x_wconf 87' lang='lat' dir='ltr'>homines</span> <span class='ocrx_word' id='word_1_140' title='bbox 531 1419 573 1458; x_wconf 91' lang='lat' dir='ltr'>et</span> <span class='ocrx_word' id='word_1_141' title='bbox 608 1419 801 1458; x_wconf 88' lang='lat' dir='ltr'>tenentes</span> <span class='ocrx_word' id='word_1_142' title='bbox 836 1416 889 1457; x_wconf 91' lang='lat' dir='ltr'>de</span> <span class='ocrx_word' id='word_1_143' title='bbox 920 1415 1120 1471; x_wconf 88' lang='lat' dir='ltr'>predictis</span> <span class='ocrx_word' id='word_1_144' title='bbox 1153 1415 1266 1457; x_wconf 89' lang='lat' dir='ltr'>villis</span> <span class='ocrx_word' id='word_1_145' title='bbox 1301 1416 1354 1456; x_wconf 90' lang='lat' dir='ltr'>de</span> <span class='ocrx_word' id='word_1_146' title='bbox 1386 1414 2041 1458; x_wconf 77' lang='lat' dir='ltr'><strong>KERDYF.USK.KAERL10N</strong></span> <span class='ocrx_word' id='word_1_147' title='bbox 2059 1448 2071 1460; x_wconf 85' lang='grc'><strong>.</strong></span> 
     </span>
     <span class='ocr_line' id='line_1_14' title="bbox 117 1505 2070 1550; baseline 0.001 -1"><span class='ocrx_word' id='word_1_148' title='bbox 117 1507 340 1550; x_wconf 78' lang='lat' dir='ltr'>NEUPORT</span> <span class='ocrx_word' id='word_1_149' title='bbox 364 1542 371 1549; x_wconf 93' lang='lat'><strong><em>.</em></strong></span> <span class='ocrx_word' id='word_1_150' title='bbox 397 1506 672 1549; x_wconf 82' lang='lat' dir='ltr'><strong>OOUBRUGGE</strong></span> <span class='ocrx_word' id='word_1_151' title='bbox 698 1540 706 1548; x_wconf 89' lang='lat'><strong>.</strong></span> <span class='ocrx_word' id='word_1_152' title='bbox 730 1507 899 1549; x_wconf 80' lang='lat' dir='ltr'>NEETH</span> <span class='ocrx_word' id='word_1_153' title='bbox 922 1540 930 1549; x_wconf 90' lang='lat'><strong>.</strong></span> <span class='ocrx_word' id='word_1_154' title='bbox 954 1509 996 1549; x_wconf 90' lang='lat' dir='ltr'>et</span> <span class='ocrx_word' id='word_1_155' title='bbox 1016 1505 1245 1548; x_wconf 74' lang='lat' dir='ltr'>KENEFEG</span> <span class='ocrx_word' id='word_1_156' title='bbox 1267 1507 1313 1548; x_wconf 87' lang='lat' dir='ltr'>in</span> <span class='ocrx_word' id='word_1_157' title='bbox 1334 1505 1530 1550; x_wconf 77' lang='lat' dir='ltr'><strong>WALLIA</strong></span> <span class='ocrx_word' id='word_1_158' title='bbox 1563 1507 1615 1548; x_wconf 91' lang='lat' dir='ltr'>de</span> <span class='ocrx_word' id='word_1_159' title='bbox 1646 1506 1842 1549; x_wconf 88' lang='lat' dir='ltr'>omnibus</span> <span class='ocrx_word' id='word_1_160' title='bbox 1872 1507 1997 1549; x_wconf 87' lang='lat' dir='ltr'>rebus</span> <span class='ocrx_word' id='word_1_161' title='bbox 2028 1510 2070 1550; x_wconf 89' lang='lat' dir='ltr'>et</span> 
     </span>
     <span class='ocr_line' id='line_1_15' title="bbox 116 1597 2069 1653; baseline -0.001 -12"><span class='ocrx_word' id='word_1_162' title='bbox 116 1597 239 1641; x_wconf 88' lang='lat' dir='ltr'>bonis</span> <span class='ocrx_word' id='word_1_163' title='bbox 251 1599 337 1641; x_wconf 88' lang='lat' dir='ltr'>suis</span> <span class='ocrx_word' id='word_1_164' title='bbox 349 1601 439 1640; x_wconf 89' lang='lat' dir='ltr'>tam</span> <span class='ocrx_word' id='word_1_165' title='bbox 455 1598 651 1640; x_wconf 87' lang='lat' dir='ltr'>videlicet</span> <span class='ocrx_word' id='word_1_166' title='bbox 667 1598 939 1640; x_wconf 87' lang='lat' dir='ltr'>mercandisis</span> <span class='ocrx_word' id='word_1_167' title='bbox 956 1613 1084 1653; x_wconf 88' lang='lat' dir='ltr'>quam</span> <span class='ocrx_word' id='word_1_168' title='bbox 1100 1597 1195 1639; x_wconf 88' lang='lat' dir='ltr'>aliis</span> <span class='ocrx_word' id='word_1_169' title='bbox 1210 1597 1525 1652; x_wconf 84' lang='lat' dir='ltr'>imperpetuum</span> <span class='ocrx_word' id='word_1_170' title='bbox 1538 1597 1625 1639; x_wconf 88' lang='lat' dir='ltr'>sint</span> <span class='ocrx_word' id='word_1_171' title='bbox 1638 1597 1773 1653; x_wconf 84' lang='lat' dir='ltr'>quieti</span> <span class='ocrx_word' id='word_1_172' title='bbox 1789 1598 1841 1640; x_wconf 89' lang='lat' dir='ltr'>de</span> <span class='ocrx_word' id='word_1_173' title='bbox 1853 1598 2069 1640; x_wconf 89' lang='lat' dir='ltr'>theolonio</span> 
     </span>
     <span class='ocr_line' id='line_1_16' title="bbox 116 1688 2070 1745; baseline 0.001 -15"><span class='ocrx_word' id='word_1_174' title='bbox 116 1688 312 1745; x_wconf 88' lang='lat' dir='ltr'>muragio</span> <span class='ocrx_word' id='word_1_175' title='bbox 334 1689 537 1745; x_wconf 85' lang='lat' dir='ltr'>pontagio</span> <span class='ocrx_word' id='word_1_176' title='bbox 558 1688 741 1744; x_wconf 88' lang='lat' dir='ltr'>pavagio</span> <span class='ocrx_word' id='word_1_177' title='bbox 762 1688 943 1744; x_wconf 83' lang='lat' dir='ltr'>lastagio</span> <span class='ocrx_word' id='word_1_178' title='bbox 965 1688 1163 1744; x_wconf 84' lang='lat' dir='ltr'>stallagio</span> <span class='ocrx_word' id='word_1_179' title='bbox 1184 1688 1350 1744; x_wconf 84' lang='lat' dir='ltr'>picagio</span> <span class='ocrx_word' id='word_1_180' title='bbox 1379 1689 1576 1744; x_wconf 86' lang='lat' dir='ltr'>tronagio</span> <span class='ocrx_word' id='word_1_181' title='bbox 1607 1688 1792 1745; x_wconf 85' lang='lat' dir='ltr'>terragio</span> <span class='ocrx_word' id='word_1_182' title='bbox 1823 1703 1987 1731; x_wconf 90' lang='lat' dir='ltr'>necnon</span> <span class='ocrx_word' id='word_1_183' title='bbox 2018 1690 2070 1731; x_wconf 91' lang='lat' dir='ltr'>de</span> 
     </span>
     <span class='ocr_line' id='line_1_17' title="bbox 116 1778 2070 1834; baseline -0.001 -13"><span class='ocrx_word' id='word_1_184' title='bbox 116 1779 313 1821; x_wconf 89' lang='lat' dir='ltr'>omnibus</span> <span class='ocrx_word' id='word_1_185' title='bbox 333 1779 427 1821; x_wconf 92' lang='lat' dir='ltr'>aliis</span> <span class='ocrx_word' id='word_1_186' title='bbox 444 1779 647 1821; x_wconf 86' lang='lat' dir='ltr'>custumis</span> <span class='ocrx_word' id='word_1_187' title='bbox 663 1782 706 1821; x_wconf 89' lang='lat' dir='ltr'>et</span> <span class='ocrx_word' id='word_1_188' title='bbox 727 1778 1104 1821; x_wconf 87' lang='lat' dir='ltr'>consuetudinibus</span> <span class='ocrx_word' id='word_1_189' title='bbox 1125 1793 1200 1834; x_wconf 90' lang='lat' dir='ltr'>per</span> <span class='ocrx_word' id='word_1_190' title='bbox 1221 1782 1360 1820; x_wconf 88' lang='lat' dir='ltr'>totum</span> <span class='ocrx_word' id='word_1_191' title='bbox 1381 1793 1564 1834; x_wconf 83' lang='lat' dir='ltr'>regnum</span> <span class='ocrx_word' id='word_1_192' title='bbox 1585 1781 1778 1821; x_wconf 88' lang='lat' dir='ltr'>nostrum</span> <span class='ocrx_word' id='word_1_193' title='bbox 1799 1794 1846 1821; x_wconf 90' lang='lat' dir='ltr'>ac</span> <span class='ocrx_word' id='word_1_194' title='bbox 1867 1780 2070 1821; x_wconf 88' lang='lat' dir='ltr'>ducatum</span> 
     </span>
     <span class='ocr_line' id='line_1_18' title="bbox 116 1868 2070 1925; baseline 0 -13"><span class='ocrx_word' id='word_1_195' title='bbox 116 1874 310 1912; x_wconf 89' lang='lat' dir='ltr'>nostrum</span> <span class='ocrx_word' id='word_1_196' title='bbox 340 1869 624 1915; x_wconf 80' lang='lat' dir='ltr'><strong>AQUITANUM</strong></span> <span class='ocrx_word' id='word_1_197' title='bbox 656 1872 699 1912; x_wconf 90' lang='lat' dir='ltr'>et</span> <span class='ocrx_word' id='word_1_198' title='bbox 728 1872 886 1911; x_wconf 86' lang='lat' dir='ltr'>terram</span> <span class='ocrx_word' id='word_1_199' title='bbox 917 1873 1105 1912; x_wconf 85' lang='lat' dir='ltr'>nostram</span> <span class='ocrx_word' id='word_1_200' title='bbox 1136 1868 1377 1911; x_wconf 66' lang='grc' dir='ltr'><strong>ΗΙΒΕΒΝῙΕ</strong></span> <span class='ocrx_word' id='word_1_201' title='bbox 1409 1884 1457 1910; x_wconf 90' lang='lat' dir='ltr'>ac</span> <span class='ocrx_word' id='word_1_202' title='bbox 1493 1869 1667 1911; x_wconf 82' lang='lat' dir='ltr'>aliunde</span> <span class='ocrx_word' id='word_1_203' title='bbox 1707 1884 1783 1925; x_wconf 90' lang='lat' dir='ltr'>per</span> <span class='ocrx_word' id='word_1_204' title='bbox 1816 1872 2070 1925; x_wconf 86' lang='lat' dir='ltr'>potestatem</span> 
     </span>
     <span class='ocr_line' id='line_1_19' title="bbox 116 1959 2069 2016; baseline 0 -13"><span class='ocrx_word' id='word_1_205' title='bbox 116 1963 305 2003; x_wconf 88' lang='lat' dir='ltr'>nostram</span> <span class='ocrx_word' id='word_1_206' title='bbox 328 1995 336 2003; x_wconf 91' lang='lat'><strong>.</strong></span> <span class='ocrx_word' id='word_1_207' title='bbox 360 1960 563 2003; x_wconf 88' lang='lat' dir='ltr'>custumis</span> <span class='ocrx_word' id='word_1_208' title='bbox 598 1961 650 2002; x_wconf 88' lang='lat' dir='ltr'>de</span> <span class='ocrx_word' id='word_1_209' title='bbox 682 1961 792 2002; x_wconf 90' lang='lat' dir='ltr'>lanis</span> <span class='ocrx_word' id='word_1_210' title='bbox 822 1960 943 2002; x_wconf 88' lang='lat' dir='ltr'>coriis</span> <span class='ocrx_word' id='word_1_211' title='bbox 988 1959 1170 2016; x_wconf 88' lang='lat' dir='ltr'>pellibus</span> <span class='ocrx_word' id='word_1_212' title='bbox 1199 1959 1359 2002; x_wconf 88' lang='lat' dir='ltr'>lanutis</span> <span class='ocrx_word' id='word_1_213' title='bbox 1394 1974 1442 2001; x_wconf 88' lang='lat' dir='ltr'>ac</span> <span class='ocrx_word' id='word_1_214' title='bbox 1473 1959 1585 2002; x_wconf 87' lang='lat' dir='ltr'>vinis</span> <span class='ocrx_word' id='word_1_215' title='bbox 1617 1959 1739 2002; x_wconf 91' lang='lat' dir='ltr'>nobis</span> <span class='ocrx_word' id='word_1_216' title='bbox 1772 1962 1815 2002; x_wconf 86' lang='lat' dir='ltr'>et</span> <span class='ocrx_word' id='word_1_217' title='bbox 1844 1960 2069 2003; x_wconf 88' lang='lat' dir='ltr'>heredibus</span> 
     </span>
     <span class='ocr_line' id='line_1_20' title="bbox 115 2050 2069 2106; baseline 0 -12"><span class='ocrx_word' id='word_1_218' title='bbox 115 2053 271 2094; x_wconf 85' lang='lat' dir='ltr'>nostris</span> <span class='ocrx_word' id='word_1_219' title='bbox 287 2051 440 2094; x_wconf 91' lang='lat' dir='ltr'>debitis</span> <span class='ocrx_word' id='word_1_220' title='bbox 457 2053 682 2093; x_wconf 79' lang='lat' dir='ltr'>dumtaxat</span> <span class='ocrx_word' id='word_1_221' title='bbox 698 2051 883 2106; x_wconf 83' lang='lat' dir='ltr'>exceptis</span> <span class='ocrx_word' id='word_1_222' title='bbox 900 2051 1008 2093; x_wconf 89' lang='lat' dir='ltr'>sicut</span> <span class='ocrx_word' id='word_1_223' title='bbox 1023 2051 1262 2106; x_wconf 88' lang='lat' dir='ltr'>predictum</span> <span class='ocrx_word' id='word_1_224' title='bbox 1282 2053 1358 2092; x_wconf 89' lang='lat' dir='ltr'>est.</span> <span class='ocrx_word' id='word_1_225' title='bbox 1412 2050 1515 2092; x_wconf 86' lang='lat' dir='ltr'>Hiis</span> <span class='ocrx_word' id='word_1_226' title='bbox 1531 2050 1710 2093; x_wconf 88' lang='lat' dir='ltr'>testibus</span> <span class='ocrx_word' id='word_1_227' title='bbox 1728 2084 1736 2093; x_wconf 92' lang='lat'><strong>.</strong></span> <span class='ocrx_word' id='word_1_228' title='bbox 1757 2051 2069 2094; x_wconf 86' lang='lat' dir='ltr'>venerabilibus</span> 
     </span>
     <span class='ocr_line' id='line_1_21' title="bbox 114 2140 2067 2198; baseline -0.001 -13"><span class='ocrx_word' id='word_1_229' title='bbox 114 2142 307 2198; x_wconf 88' lang='lat' dir='ltr'>patribus</span> <span class='ocrx_word' id='word_1_230' title='bbox 328 2142 400 2186; x_wconf 89' lang='lat' dir='ltr'>W.</span> <span class='ocrx_word' id='word_1_231' title='bbox 424 2142 736 2198; x_wconf 79' lang='lat' dir='ltr'>archiepiscopo</span> <span class='ocrx_word' id='word_1_232' title='bbox 757 2141 1099 2184; x_wconf 76' lang='lat' dir='ltr'><strong>CANTUARIENSI</strong></span> <span class='ocrx_word' id='word_1_233' title='bbox 1121 2141 1257 2183; x_wconf 89' lang='lat' dir='ltr'>tocius</span> <span class='ocrx_word' id='word_1_234' title='bbox 1272 2140 1457 2183; x_wconf 78' lang='lat' dir='ltr'><strong>ANGLIE</strong></span> <span class='ocrx_word' id='word_1_235' title='bbox 1473 2140 1655 2197; x_wconf 86' lang='lat' dir='ltr'>primate</span> <span class='ocrx_word' id='word_1_236' title='bbox 1678 2175 1687 2183; x_wconf 90' lang='lat'><strong>.</strong></span> <span class='ocrx_word' id='word_1_237' title='bbox 1706 2141 1736 2183; x_wconf 89' lang='lat' dir='ltr'>J</span> <span class='ocrx_word' id='word_1_238' title='bbox 1739 2174 1749 2184; x_wconf 82' lang='grc'><em>.</em></span> <span class='ocrx_word' id='word_1_239' title='bbox 1771 2141 1817 2184; x_wconf 92' lang='lat' dir='ltr'>N</span> <span class='ocrx_word' id='word_1_240' title='bbox 1819 2156 2067 2184; x_wconf 79' lang='lat' dir='ltr'>ORWICENsr</span> 
     </span>
     <span class='ocr_line' id='line_1_22' title="bbox 116 2230 2062 2288; baseline -0.001 -12"><span class='ocrx_word' id='word_1_241' title='bbox 116 2243 160 2276; x_wconf 86' lang='lat' dir='ltr'>et</span> <span class='ocrx_word' id='word_1_242' title='bbox 200 2233 242 2276; x_wconf 88' lang='lat' dir='ltr'>J.</span> <span class='ocrx_word' id='word_1_243' title='bbox 286 2232 575 2275; x_wconf 79' lang='lat' dir='ltr'>CIOESTRENSI</span> <span class='ocrx_word' id='word_1_244' title='bbox 617 2233 820 2288; x_wconf 87' lang='lat' dir='ltr'>episcopis</span> <span class='ocrx_word' id='word_1_245' title='bbox 853 2265 861 2274; x_wconf 92' lang='lat'><strong>.</strong></span> <span class='ocrx_word' id='word_1_246' title='bbox 898 2232 1125 2274; x_wconf 84' lang='lat' dir='ltr'>ADOMARO</span> <span class='ocrx_word' id='word_1_247' title='bbox 1163 2233 1214 2273; x_wconf 89' lang='lat' dir='ltr'>de</span> <span class='ocrx_word' id='word_1_248' title='bbox 1247 2230 1487 2274; x_wconf 77' lang='lat' dir='ltr'><strong>VALENCIA</strong></span> <span class='ocrx_word' id='word_1_249' title='bbox 1522 2231 1674 2274; x_wconf 85' lang='lat' dir='ltr'>comite</span> <span class='ocrx_word' id='word_1_250' title='bbox 1710 2231 2010 2274; x_wconf 80' lang='lat' dir='ltr'>PEMBROCHIE</span> <span class='ocrx_word' id='word_1_251' title='bbox 2054 2267 2062 2275; x_wconf 89' lang='lat'><strong><em>.</em></strong></span> 
     </span>
     <span class='ocr_line' id='line_1_23' title="bbox 116 2321 2066 2366; baseline -0.001 0"><span class='ocrx_word' id='word_1_252' title='bbox 116 2323 348 2366; x_wconf 85' lang='lat' dir='ltr'><strong>EDMUNDO</strong></span> <span class='ocrx_word' id='word_1_253' title='bbox 399 2323 550 2365; x_wconf 86' lang='lat' dir='ltr'>comite</span> <span class='ocrx_word' id='word_1_254' title='bbox 590 2323 896 2365; x_wconf 83' lang='lat' dir='ltr'><strong>ARUNDELLIE</strong></span> <span class='ocrx_word' id='word_1_255' title='bbox 942 2322 972 2365; x_wconf 84' lang='lat' dir='ltr'><strong>J</strong></span> <span class='ocrx_word' id='word_1_256' title='bbox 975 2336 1163 2364; x_wconf 84' lang='lat' dir='ltr'><strong>OHANNE</strong></span> <span class='ocrx_word' id='word_1_257' title='bbox 1205 2322 1258 2364; x_wconf 88' lang='lat' dir='ltr'>de</span> <span class='ocrx_word' id='word_1_258' title='bbox 1297 2321 1510 2364; x_wconf 74' lang='lat' dir='ltr'>SEGRAVE</span> <span class='ocrx_word' id='word_1_259' title='bbox 1552 2321 1714 2364; x_wconf 91' lang='lat' dir='ltr'>seniore</span> <span class='ocrx_word' id='word_1_260' title='bbox 1756 2355 1764 2364; x_wconf 92' lang='lat'><strong><em>.</em></strong></span> <span class='ocrx_word' id='word_1_261' title='bbox 1808 2322 2066 2366; x_wconf 78' lang='lat' dir='ltr'>W1LLELMO</span> 
     </span>
     <span class='ocr_line' id='line_1_24' title="bbox 114 2412 1629 2468; baseline -0.002 -11"><span class='ocrx_word' id='word_1_262' title='bbox 114 2414 314 2457; x_wconf 81' lang='lat' dir='ltr'><strong>MARTYN</strong></span> <span class='ocrx_word' id='word_1_263' title='bbox 347 2447 356 2456; x_wconf 92' lang='lat'><em>.</em></span> <span class='ocrx_word' id='word_1_264' title='bbox 390 2414 594 2456; x_wconf 71' lang='lat' dir='ltr'>RmARDo</span> <span class='ocrx_word' id='word_1_265' title='bbox 614 2414 840 2456; x_wconf 79' lang='lat' dir='ltr'>DAMMORI</span> <span class='ocrx_word' id='word_1_266' title='bbox 861 2413 1087 2455; x_wconf 76' lang='lat' dir='ltr'>senescallo</span> <span class='ocrx_word' id='word_1_267' title='bbox 1109 2412 1285 2468; x_wconf 88' lang='lat' dir='ltr'>hospicii</span> <span class='ocrx_word' id='word_1_268' title='bbox 1305 2412 1439 2454; x_wconf 85' lang='lat' dir='ltr'>nostri</span> <span class='ocrx_word' id='word_1_269' title='bbox 1459 2415 1501 2454; x_wconf 90' lang='lat' dir='ltr'>et</span> <span class='ocrx_word' id='word_1_270' title='bbox 1522 2412 1629 2454; x_wconf 85' lang='lat' dir='ltr'>aliis.</span> 
     </span>
    </p>

    <p class='ocr_par' dir='ltr' id='par_1_3' title="bbox 113 2502 2064 2652">
     <span class='ocr_line' id='line_1_25' title="bbox 177 2502 2064 2561; baseline -0.001 -13"><span class='ocrx_word' id='word_1_271' title='bbox 177 2506 236 2561; x_wconf 88' lang='lat'>(5)</span> <span class='ocrx_word' id='word_1_272' title='bbox 268 2505 434 2548; x_wconf 90' lang='lat' dir='ltr'>Datum</span> <span class='ocrx_word' id='word_1_273' title='bbox 464 2519 540 2560; x_wconf 90' lang='lat' dir='ltr'>per</span> <span class='ocrx_word' id='word_1_274' title='bbox 565 2519 742 2546; x_wconf 89' lang='lat' dir='ltr'>manum</span> <span class='ocrx_word' id='word_1_275' title='bbox 770 2506 958 2546; x_wconf 89' lang='lat' dir='ltr'>nostram</span> <span class='ocrx_word' id='word_1_276' title='bbox 989 2504 1102 2559; x_wconf 89' lang='lat' dir='ltr'>apud</span> <span class='ocrx_word' id='word_1_277' title='bbox 1133 2502 1598 2547; x_wconf 84' lang='lat' dir='ltr'>WEsTMONASTERIUM</span> <span class='ocrx_word' id='word_1_278' title='bbox 1629 2506 1779 2559; x_wconf 86' lang='lat' dir='ltr'>quarto</span> <span class='ocrx_word' id='word_1_279' title='bbox 1811 2503 1879 2546; x_wconf 91' lang='lat' dir='ltr'>die</span> <span class='ocrx_word' id='word_1_280' title='bbox 1909 2503 2064 2547; x_wconf 87' lang='lat' dir='ltr'>Marcii</span> 
     </span>
     <span class='ocr_line' id='line_1_26' title="bbox 113 2593 1159 2652; baseline -0.003 -13"><span class='ocrx_word' id='word_1_281' title='bbox 113 2611 226 2639; x_wconf 89' lang='lat' dir='ltr'>anno</span> <span class='ocrx_word' id='word_1_282' title='bbox 246 2596 369 2652; x_wconf 87' lang='lat' dir='ltr'>regni</span> <span class='ocrx_word' id='word_1_283' title='bbox 389 2595 523 2638; x_wconf 83' lang='lat' dir='ltr'>nostri</span> <span class='ocrx_word' id='word_1_284' title='bbox 543 2595 705 2637; x_wconf 89' lang='lat' dir='ltr'>decimo</span> <span class='ocrx_word' id='word_1_285' title='bbox 726 2595 917 2650; x_wconf 88' lang='lat' dir='ltr'>septimo.</span> <span class='ocrx_word' id='word_1_286' title='bbox 983 2593 1159 2651; x_wconf 66' lang='lat'><strong>[1324]</strong></span> 
     </span>
    </p>

    <p class='ocr_par' dir='ltr' id='par_1_4' title="bbox 111 2684 2061 2923">
     <span class='ocr_line' id='line_1_27' title="bbox 175 2684 2061 2743; baseline 0 -14"><span class='ocrx_word' id='word_1_287' title='bbox 175 2688 235 2743; x_wconf 88' lang='lat'>(4)</span> <span class='ocrx_word' id='word_1_288' title='bbox 270 2686 363 2730; x_wconf 90' lang='lat' dir='ltr'>Nos</span> <span class='ocrx_word' id='word_1_289' title='bbox 398 2689 542 2728; x_wconf 90' lang='lat' dir='ltr'>autem</span> <span class='ocrx_word' id='word_1_290' title='bbox 577 2685 884 2728; x_wconf 89' lang='lat' dir='ltr'>concessionem</span> <span class='ocrx_word' id='word_1_291' title='bbox 917 2688 959 2728; x_wconf 85' lang='lat' dir='ltr'>et</span> <span class='ocrx_word' id='word_1_292' title='bbox 991 2686 1358 2728; x_wconf 86' lang='lat' dir='ltr'>confirmacionem</span> <span class='ocrx_word' id='word_1_293' title='bbox 1398 2685 1609 2741; x_wconf 86' lang='lat' dir='ltr'>predictas</span> <span class='ocrx_word' id='word_1_294' title='bbox 1638 2688 1753 2727; x_wconf 87' lang='lat' dir='ltr'>ratas</span> <span class='ocrx_word' id='word_1_295' title='bbox 1782 2684 1987 2728; x_wconf 87' lang='lat' dir='ltr'>habentes</span> <span class='ocrx_word' id='word_1_296' title='bbox 2018 2690 2061 2729; x_wconf 89' lang='lat' dir='ltr'>et</span> 
     </span>
     <span class='ocr_line' id='line_1_28' title="bbox 113 2775 2061 2835; baseline -0.001 -15"><span class='ocrx_word' id='word_1_297' title='bbox 113 2781 258 2835; x_wconf 88' lang='lat' dir='ltr'>gratas</span> <span class='ocrx_word' id='word_1_298' title='bbox 285 2792 354 2819; x_wconf 87' lang='lat' dir='ltr'>eas</span> <span class='ocrx_word' id='word_1_299' title='bbox 378 2791 454 2832; x_wconf 89' lang='lat' dir='ltr'>pro</span> <span class='ocrx_word' id='word_1_300' title='bbox 475 2775 596 2818; x_wconf 90' lang='lat' dir='ltr'>nobis</span> <span class='ocrx_word' id='word_1_301' title='bbox 616 2779 658 2818; x_wconf 86' lang='lat' dir='ltr'>et</span> <span class='ocrx_word' id='word_1_302' title='bbox 688 2775 913 2818; x_wconf 88' lang='lat' dir='ltr'>heredibus</span> <span class='ocrx_word' id='word_1_303' title='bbox 943 2776 1097 2818; x_wconf 90' lang='lat' dir='ltr'>nostris</span> <span class='ocrx_word' id='word_1_304' title='bbox 1127 2779 1338 2832; x_wconf 86' lang='lat' dir='ltr'>quantum</span> <span class='ocrx_word' id='word_1_305' title='bbox 1367 2776 1414 2818; x_wconf 91' lang='lat' dir='ltr'>in</span> <span class='ocrx_word' id='word_1_306' title='bbox 1444 2775 1565 2818; x_wconf 90' lang='lat' dir='ltr'>nobis</span> <span class='ocrx_word' id='word_1_307' title='bbox 1595 2777 1658 2817; x_wconf 85' lang='lat' dir='ltr'>est</span> <span class='ocrx_word' id='word_1_308' title='bbox 1688 2775 1841 2818; x_wconf 89' lang='lat' dir='ltr'>dilecto</span> <span class='ocrx_word' id='word_1_309' title='bbox 1872 2779 1914 2818; x_wconf 89' lang='lat' dir='ltr'>et</span> <span class='ocrx_word' id='word_1_310' title='bbox 1944 2776 2061 2819; x_wconf 90' lang='lat' dir='ltr'>fideli</span> 
     </span>
     <span class='ocr_line' id='line_1_29' title="bbox 111 2866 2061 2923; baseline -0.001 -11"><span class='ocrx_word' id='word_1_311' title='bbox 111 2872 253 2912; x_wconf 89' lang='lat' dir='ltr'>nostro</span> <span class='ocrx_word' id='word_1_312' title='bbox 274 2868 509 2910; x_wconf 79' lang='lat' dir='ltr'>EDWARDO</span> <span class='ocrx_word' id='word_1_313' title='bbox 529 2868 568 2909; x_wconf 92' lang='lat' dir='ltr'>le</span> <span class='ocrx_word' id='word_1_314' title='bbox 590 2867 860 2909; x_wconf 79' lang='lat' dir='ltr'>DESPENSER</span> <span class='ocrx_word' id='word_1_315' title='bbox 880 2867 1194 2923; x_wconf 85' lang='lat' dir='ltr'>consanguineo</span> <span class='ocrx_word' id='word_1_316' title='bbox 1216 2870 1257 2909; x_wconf 88' lang='lat' dir='ltr'>et</span> <span class='ocrx_word' id='word_1_317' title='bbox 1277 2867 1423 2909; x_wconf 87' lang='lat' dir='ltr'>heredi</span> <span class='ocrx_word' id='word_1_318' title='bbox 1443 2866 1623 2922; x_wconf 88' lang='lat' dir='ltr'>predicti</span> <span class='ocrx_word' id='word_1_319' title='bbox 1643 2866 1857 2908; x_wconf 81' lang='lat' dir='ltr'>HUGONIS</span> <span class='ocrx_word' id='word_1_320' title='bbox 1879 2881 1926 2908; x_wconf 88' lang='lat' dir='ltr'>ac</span> <span class='ocrx_word' id='word_1_321' title='bbox 1946 2882 2061 2910; x_wconf 93' lang='lat' dir='ltr'>nunc</span> 
     </span>
    </p>
   </div>
   <div class='ocr_carea' id='block_1_3' title="bbox 108 2956 2051 3016">
    <p class='ocr_par' dir='ltr' id='par_1_5' title="bbox 108 2956 2051 3016">
     <span class='ocr_line' id='line_1_30' title="bbox 108 2956 2051 3016; baseline -0.002 -13"><span class='ocrx_word' id='word_1_322' title='bbox 108 2959 391 3016; x_wconf 86' lang='lat' dir='ltr'>burgensibus</span> <span class='ocrx_word' id='word_1_323' title='bbox 421 2961 464 3001; x_wconf 90' lang='lat' dir='ltr'>et</span> <span class='ocrx_word' id='word_1_324' title='bbox 494 2958 588 3000; x_wconf 89' lang='lat' dir='ltr'>aliis</span> <span class='ocrx_word' id='word_1_325' title='bbox 618 2957 861 3000; x_wconf 88' lang='lat' dir='ltr'>hominibus</span> <span class='ocrx_word' id='word_1_326' title='bbox 891 2960 933 3000; x_wconf 93' lang='lat' dir='ltr'>et</span> <span class='ocrx_word' id='word_1_327' title='bbox 963 2957 1209 3001; x_wconf 88' lang='lat' dir='ltr'>tenentibus</span> <span class='ocrx_word' id='word_1_328' title='bbox 1239 2959 1292 3000; x_wconf 93' lang='lat' dir='ltr'>de</span> <span class='ocrx_word' id='word_1_329' title='bbox 1323 2957 1517 3000; x_wconf 78' lang='lat' dir='ltr'>KERDYF</span> <span class='ocrx_word' id='word_1_330' title='bbox 1551 2990 1558 2999; x_wconf 95' lang='lat'>.</span> <span class='ocrx_word' id='word_1_331' title='bbox 1593 2956 1696 2999; x_wconf 85' lang='lat' dir='ltr'>UsK</span> <span class='ocrx_word' id='word_1_332' title='bbox 1722 2989 1731 2999; x_wconf 86' lang='lat'><strong>.</strong></span> <span class='ocrx_word' id='word_1_333' title='bbox 1764 2956 2019 2999; x_wconf 83' lang='lat' dir='ltr'><strong>KAERLYON</strong></span> <span class='ocrx_word' id='word_1_334' title='bbox 2043 2992 2051 3000; x_wconf 90' lang='lat'><strong>.</strong></span> 
     </span>
    </p>
   </div>
  </div>
 </body>
</html>
