<?xml version="1.0" encoding="UTF-8"?>
<!DOCTYPE html PUBLIC "-//W3C//DTD XHTML 1.0 Transitional//EN"
    "http://www.w3.org/TR/xhtml1/DTD/xhtml1-transitional.dtd">
<html xmlns="http://www.w3.org/1999/xhtml" xml:lang="en" lang="en">
 <head>
  <title>
</title>
<meta http-equiv="Content-Type" content="text/html;charset=utf-8" />
  <meta name='ocr-system' content='tesseract 3.04.00' />
  <meta name='ocr-capabilities' content='ocr_page ocr_carea ocr_par ocr_line ocrx_word'/>
</head>
<body>
  <div class='ocr_page' id='page_1' title='image "./cartaeetaliamuni05claruoft_0164.png"; bbox 0 0 2362 3392; ppageno 0'>
   <div class='ocr_carea' id='block_1_1' title="bbox 319 267 430 310">
    <p class='ocr_par' dir='ltr' id='par_1_1' title="bbox 319 267 430 310">
     <span class='ocr_line' id='line_1_1' title="bbox 319 267 430 310; baseline 0 -2"><span class='ocrx_word' id='word_1_1' title='bbox 319 267 430 310; x_wconf 87' lang='lat'>1782</span> 
     </span>
    </p>
   </div>
   <div class='ocr_carea' id='block_1_2' title="bbox 244 471 2204 1804">
    <p class='ocr_par' dir='ltr' id='par_1_2' title="bbox 244 471 2204 1440">
     <span class='ocr_line' id='line_1_2' title="bbox 257 471 2204 529; baseline -0.001 -14"><span class='ocrx_word' id='word_1_2' title='bbox 257 473 445 529; x_wconf 82' lang='lat' dir='ltr'><strong>aliquam</strong></span> <span class='ocrx_word' id='word_1_3' title='bbox 475 473 853 517; x_wconf 88' lang='lat' dir='ltr'><strong>contradiccionem</strong></span> <span class='ocrx_word' id='word_1_4' title='bbox 881 475 985 515; x_wconf 88' lang='lat' dir='ltr'><strong>tunc</strong></span> <span class='ocrx_word' id='word_1_5' title='bbox 1014 471 1180 514; x_wconf 87' lang='lat' dir='ltr'><strong>licitum</strong></span> <span class='ocrx_word' id='word_1_6' title='bbox 1209 472 1264 514; x_wconf 86' lang='lat' dir='ltr'><strong>sit</strong></span> <span class='ocrx_word' id='word_1_7' title='bbox 1293 471 1418 514; x_wconf 88' lang='lat' dir='ltr'><strong>dictis</strong></span> <span class='ocrx_word' id='word_1_8' title='bbox 1447 471 1592 515; x_wconf 87' lang='lat' dir='ltr'><strong>abbati</strong></span> <span class='ocrx_word' id='word_1_9' title='bbox 1622 475 1665 514; x_wconf 89' lang='lat' dir='ltr'><strong>et</strong></span> <span class='ocrx_word' id='word_1_10' title='bbox 1684 472 1912 515; x_wconf 87' lang='lat' dir='ltr'><strong>conventui</strong></span> <span class='ocrx_word' id='word_1_11' title='bbox 1938 475 1981 515; x_wconf 92' lang='lat' dir='ltr'><strong>et</strong></span> <span class='ocrx_word' id='word_1_12' title='bbox 2001 485 2204 514; x_wconf 86' lang='lat' dir='ltr'><strong>successo-</strong></span> 
     </span>
     <span class='ocr_line' id='line_1_3' title="bbox 255 563 2204 620; baseline -0.001 -13"><span class='ocrx_word' id='word_1_13' title='bbox 255 564 372 607; x_wconf 88' lang='lat' dir='ltr'><strong>ribus</strong></span> <span class='ocrx_word' id='word_1_14' title='bbox 407 565 494 608; x_wconf 88' lang='lat' dir='ltr'><strong>suis</strong></span> <span class='ocrx_word' id='word_1_15' title='bbox 524 566 570 607; x_wconf 89' lang='lat' dir='ltr'><strong>in</strong></span> <span class='ocrx_word' id='word_1_16' title='bbox 598 565 722 607; x_wconf 90' lang='lat' dir='ltr'><strong>dictis</strong></span> <span class='ocrx_word' id='word_1_17' title='bbox 753 564 946 620; x_wconf 86' lang='lat' dir='ltr'><strong>parcellis</strong></span> <span class='ocrx_word' id='word_1_18' title='bbox 985 566 1096 606; x_wconf 86' lang='lat' dir='ltr'><strong>terre</strong></span> <span class='ocrx_word' id='word_1_19' title='bbox 1132 578 1228 605; x_wconf 91' lang='lat' dir='ltr'><strong>cum</strong></span> <span class='ocrx_word' id='word_1_20' title='bbox 1268 563 1465 606; x_wconf 90' lang='lat' dir='ltr'><strong>omnibus</strong></span> <span class='ocrx_word' id='word_1_21' title='bbox 1500 563 1585 606; x_wconf 89' lang='lat' dir='ltr'><strong>suis</strong></span> <span class='ocrx_word' id='word_1_22' title='bbox 1619 563 1889 620; x_wconf 79' lang='lat' dir='ltr'><strong>pertinentiis</strong></span> <span class='ocrx_word' id='word_1_23' title='bbox 1922 563 2128 606; x_wconf 75' lang='lat' dir='ltr'><strong>reintrare</strong></span> <span class='ocrx_word' id='word_1_24' title='bbox 2159 564 2204 605; x_wconf 80' lang='lat' dir='ltr'><strong>et</strong></span> 
     </span>
     <span class='ocr_line' id='line_1_4' title="bbox 254 649 2203 711; baseline -0.001 -13"><span class='ocrx_word' id='word_1_25' title='bbox 254 655 425 711; x_wconf 84' lang='lat' dir='ltr'><strong>pacifice</strong></span> <span class='ocrx_word' id='word_1_26' title='bbox 445 656 626 698; x_wconf 87' lang='lat' dir='ltr'><strong>retinere</strong></span> <span class='ocrx_word' id='word_1_27' title='bbox 648 689 657 697; x_wconf 89' lang='lat'><strong>.</strong></span> <span class='ocrx_word' id='word_1_28' title='bbox 679 649 1005 697; x_wconf 75' lang='lat' dir='ltr'><strong>hecindentura</strong></span> <span class='ocrx_word' id='word_1_29' title='bbox 1024 654 1070 696; x_wconf 88' lang='lat' dir='ltr'><strong>in</strong></span> <span class='ocrx_word' id='word_1_30' title='bbox 1091 654 1234 709; x_wconf 90' lang='lat' dir='ltr'><strong>aliquo</strong></span> <span class='ocrx_word' id='word_1_31' title='bbox 1263 654 1391 697; x_wconf 89' lang='lat' dir='ltr'><strong>modo</strong></span> <span class='ocrx_word' id='word_1_32' title='bbox 1420 669 1506 697; x_wconf 90' lang='lat' dir='ltr'><strong>non</strong></span> <span class='ocrx_word' id='word_1_33' title='bbox 1537 653 1732 697; x_wconf 85' lang='lat' dir='ltr'><strong>abstante</strong></span> <span class='ocrx_word' id='word_1_34' title='bbox 1765 655 1869 709; x_wconf 69' lang='lat' dir='ltr'><strong>(sio).</strong></span> <span class='ocrx_word' id='word_1_35' title='bbox 1931 654 1993 696; x_wconf 88' lang='lat' dir='ltr'><strong>Et</strong></span> <span class='ocrx_word' id='word_1_36' title='bbox 2022 652 2203 710; x_wconf 84' lang='lat' dir='ltr'><strong>quilibet</strong></span> 
     </span>
     <span class='ocr_line' id='line_1_5' title="bbox 251 744 2203 802; baseline -0.002 -13"><span class='ocrx_word' id='word_1_37' title='bbox 251 761 397 789; x_wconf 89' lang='lat' dir='ltr'><strong>eorum</strong></span> <span class='ocrx_word' id='word_1_38' title='bbox 416 750 511 802; x_wconf 88' lang='lat' dir='ltr'><strong>post</strong></span> <span class='ocrx_word' id='word_1_39' title='bbox 531 747 704 789; x_wconf 83' lang='lat' dir='ltr'><strong>alterius</strong></span> <span class='ocrx_word' id='word_1_40' title='bbox 725 747 940 788; x_wconf 84' lang='lat' dir='ltr'><strong>decessum</strong></span> <span class='ocrx_word' id='word_1_41' title='bbox 960 745 1204 788; x_wconf 81' lang='lat' dir='ltr'><strong>AMABILLE</strong></span> <span class='ocrx_word' id='word_1_42' title='bbox 1229 779 1236 787; x_wconf 91' lang='lat'><strong><em>.</em></strong></span> <span class='ocrx_word' id='word_1_43' title='bbox 1260 745 1473 787; x_wconf 76' lang='lat' dir='ltr'><strong>D10N1sm</strong></span> <span class='ocrx_word' id='word_1_44' title='bbox 1496 780 1503 787; x_wconf 94' lang='lat'><em>.</em></span> <span class='ocrx_word' id='word_1_45' title='bbox 1528 745 1817 788; x_wconf 75' lang='lat' dir='ltr'>MARGARETE</span> <span class='ocrx_word' id='word_1_46' title='bbox 1842 780 1849 788; x_wconf 88' lang='lat'><strong><em>.</em></strong></span> <span class='ocrx_word' id='word_1_47' title='bbox 1873 748 1916 788; x_wconf 88' lang='lat' dir='ltr'><strong>et</strong></span> <span class='ocrx_word' id='word_1_48' title='bbox 1934 745 2108 788; x_wconf 87' lang='lat' dir='ltr'><strong>heredes</strong></span> <span class='ocrx_word' id='word_1_49' title='bbox 2135 744 2203 786; x_wconf 92' lang='lat' dir='ltr'><strong>sui</strong></span> 
     </span>
     <span class='ocr_line' id='line_1_6' title="bbox 257 835 2202 893; baseline -0.002 -13"><span class='ocrx_word' id='word_1_50' title='bbox 257 838 422 880; x_wconf 84' lang='lat' dir='ltr'><strong>solvent</strong></span> <span class='ocrx_word' id='word_1_51' title='bbox 442 838 630 893; x_wconf 90' lang='lat' dir='ltr'><strong>quinque</strong></span> <span class='ocrx_word' id='word_1_52' title='bbox 652 837 807 881; x_wconf 90' lang='lat' dir='ltr'><strong>solidos</strong></span> <span class='ocrx_word' id='word_1_53' title='bbox 826 836 999 879; x_wconf 85' lang='lat' dir='ltr'><strong>nomine</strong></span> <span class='ocrx_word' id='word_1_54' title='bbox 1020 836 1202 879; x_wconf 87' lang='lat' dir='ltr'><strong>herietti.</strong></span> <span class='ocrx_word' id='word_1_55' title='bbox 1266 835 1326 878; x_wconf 90' lang='lat' dir='ltr'><strong>Et</strong></span> <span class='ocrx_word' id='word_1_56' title='bbox 1347 835 1527 892; x_wconf 83' lang='lat' dir='ltr'><strong>quilibet</strong></span> <span class='ocrx_word' id='word_1_57' title='bbox 1548 851 1694 879; x_wconf 89' lang='lat' dir='ltr'><strong>eorum</strong></span> <span class='ocrx_word' id='word_1_58' title='bbox 1724 836 1881 879; x_wconf 90' lang='lat' dir='ltr'><strong>debent</strong></span> <span class='ocrx_word' id='word_1_59' title='bbox 1901 839 2058 879; x_wconf 80' lang='lat' dir='ltr'><strong>sectam</strong></span> <span class='ocrx_word' id='word_1_60' title='bbox 2088 835 2202 878; x_wconf 91' lang='lat' dir='ltr'><strong>curie</strong></span> 
     </span>
     <span class='ocr_line' id='line_1_7' title="bbox 250 926 2201 971; baseline -0.001 0"><span class='ocrx_word' id='word_1_61' title='bbox 250 929 481 971; x_wconf 88' lang='lat' dir='ltr'><strong>secundum</strong></span> <span class='ocrx_word' id='word_1_62' title='bbox 517 928 866 971; x_wconf 86' lang='lat' dir='ltr'><strong>consuetudinem</strong></span> <span class='ocrx_word' id='word_1_63' title='bbox 892 928 1083 970; x_wconf 87' lang='lat' dir='ltr'><strong>manerii.</strong></span> <span class='ocrx_word' id='word_1_64' title='bbox 1146 927 1207 970; x_wconf 90' lang='lat' dir='ltr'><strong>Et</strong></span> <span class='ocrx_word' id='word_1_65' title='bbox 1237 928 1271 970; x_wconf 89' lang='lat' dir='ltr'><strong>si</strong></span> <span class='ocrx_word' id='word_1_66' title='bbox 1301 928 1346 969; x_wconf 89' lang='lat' dir='ltr'><strong>in</strong></span> <span class='ocrx_word' id='word_1_67' title='bbox 1378 927 1492 969; x_wconf 82' lang='lat' dir='ltr'><strong>dicta</strong></span> <span class='ocrx_word' id='word_1_68' title='bbox 1522 930 1635 969; x_wconf 86' lang='lat' dir='ltr'><strong>terra</strong></span> <span class='ocrx_word' id='word_1_69' title='bbox 1665 928 1815 970; x_wconf 89' lang='lat' dir='ltr'><strong>domus</strong></span> <span class='ocrx_word' id='word_1_70' title='bbox 1844 927 1975 970; x_wconf 77' lang='lat' dir='ltr'><strong>fuerit</strong></span> <span class='ocrx_word' id='word_1_71' title='bbox 2006 926 2201 969; x_wconf 86' lang='lat' dir='ltr'><strong>edificata</strong></span> 
     </span>
     <span class='ocr_line' id='line_1_8' title="bbox 248 1018 2199 1075; baseline -0.001 -14"><span class='ocrx_word' id='word_1_72' title='bbox 248 1020 362 1075; x_wconf 90' lang='lat' dir='ltr'><strong>quod</strong></span> <span class='ocrx_word' id='word_1_73' title='bbox 394 1019 558 1075; x_wconf 79' lang='lat' dir='ltr'><strong>prefate</strong></span> <span class='ocrx_word' id='word_1_74' title='bbox 592 1020 836 1062; x_wconf 76' lang='lat' dir='ltr'><strong>AMABILLA</strong></span> <span class='ocrx_word' id='word_1_75' title='bbox 870 1054 877 1061; x_wconf 93' lang='lat'>.</span> <span class='ocrx_word' id='word_1_76' title='bbox 911 1019 1126 1062; x_wconf 77' lang='lat' dir='ltr'><strong>D10N1s1A</strong></span> <span class='ocrx_word' id='word_1_77' title='bbox 1159 1053 1167 1061; x_wconf 85' lang='lat'><strong>.</strong></span> <span class='ocrx_word' id='word_1_78' title='bbox 1203 1019 1493 1060; x_wconf 81' lang='lat' dir='ltr'><strong>MARGARETA</strong></span> <span class='ocrx_word' id='word_1_79' title='bbox 1527 1051 1534 1060; x_wconf 92' lang='lat'>.</span> <span class='ocrx_word' id='word_1_80' title='bbox 1568 1022 1610 1061; x_wconf 88' lang='lat' dir='ltr'><strong>et</strong></span> <span class='ocrx_word' id='word_1_81' title='bbox 1630 1018 1804 1061; x_wconf 85' lang='lat' dir='ltr'><strong>heredes</strong></span> <span class='ocrx_word' id='word_1_82' title='bbox 1824 1019 1905 1060; x_wconf 85' lang='lat' dir='ltr'><strong>sui¹</strong></span> <span class='ocrx_word' id='word_1_83' title='bbox 1945 1018 2199 1060; x_wconf 89' lang='lat' dir='ltr'><strong>sufficienter</strong></span> 
     </span>
     <span class='ocr_line' id='line_1_9' title="bbox 244 1107 2197 1166; baseline -0.001 -14"><span class='ocrx_word' id='word_1_84' title='bbox 244 1110 502 1166; x_wconf 83' lang='lat' dir='ltr'><strong>reparabunt</strong></span> <span class='ocrx_word' id='word_1_85' title='bbox 522 1110 864 1152; x_wconf 86' lang='lat' dir='ltr'><strong>manutenebunt</strong></span> <span class='ocrx_word' id='word_1_86' title='bbox 883 1113 926 1152; x_wconf 89' lang='lat' dir='ltr'><strong>et</strong></span> <span class='ocrx_word' id='word_1_87' title='bbox 947 1108 1248 1152; x_wconf 80' lang='lat' dir='ltr'><strong>sustentabunt</strong></span> <span class='ocrx_word' id='word_1_88' title='bbox 1270 1109 1510 1165; x_wconf 72' lang='lat' dir='ltr'><strong>sumptibus</strong></span> <span class='ocrx_word' id='word_1_89' title='bbox 1541 1123 1687 1152; x_wconf 84' lang='lat' dir='ltr'><strong>eorum</strong></span> <span class='ocrx_word' id='word_1_90' title='bbox 1717 1108 1899 1164; x_wconf 89' lang='lat' dir='ltr'><strong>propriis</strong></span> <span class='ocrx_word' id='word_1_91' title='bbox 1929 1112 1972 1151; x_wconf 87' lang='lat' dir='ltr'><strong>et</strong></span> <span class='ocrx_word' id='word_1_92' title='bbox 2002 1107 2197 1164; x_wconf 87' lang='lat' dir='ltr'><strong>expensis</strong></span> 
     </span>
     <span class='ocr_line' id='line_1_10' title="bbox 246 1198 2200 1257; baseline -0.001 -15"><span class='ocrx_word' id='word_1_93' title='bbox 246 1201 428 1243; x_wconf 76' lang='lat' dir='ltr'><strong>durante</strong></span> <span class='ocrx_word' id='word_1_94' title='bbox 449 1201 631 1244; x_wconf 89' lang='lat' dir='ltr'><strong>termino</strong></span> <span class='ocrx_word' id='word_1_95' title='bbox 651 1202 852 1257; x_wconf 90' lang='lat' dir='ltr'><strong>predicto.</strong></span> <span class='ocrx_word' id='word_1_96' title='bbox 914 1201 975 1243; x_wconf 78' lang='lat' dir='ltr'><strong>Et</strong></span> <span class='ocrx_word' id='word_1_97' title='bbox 994 1200 1040 1243; x_wconf 89' lang='lat' dir='ltr'><strong>in</strong></span> <span class='ocrx_word' id='word_1_98' title='bbox 1061 1200 1146 1242; x_wconf 92' lang='lat' dir='ltr'><strong>fine</strong></span> <span class='ocrx_word' id='word_1_99' title='bbox 1166 1200 1270 1242; x_wconf 85' lang='lat' dir='ltr'><strong>dicti</strong></span> <span class='ocrx_word' id='word_1_100' title='bbox 1290 1200 1463 1242; x_wconf 76' lang='lat' dir='ltr'><strong>termini</strong></span> <span class='ocrx_word' id='word_1_101' title='bbox 1493 1199 1729 1256; x_wconf 81' lang='lat' dir='ltr'><strong>predictam</strong></span> <span class='ocrx_word' id='word_1_102' title='bbox 1760 1200 1935 1242; x_wconf 85' lang='lat' dir='ltr'><strong>domum</strong></span> <span class='ocrx_word' id='word_1_103' title='bbox 1968 1199 2026 1241; x_wconf 89' lang='lat' dir='ltr'><strong>sic</strong></span> <span class='ocrx_word' id='word_1_104' title='bbox 2047 1198 2200 1241; x_wconf 85' lang='lat' dir='ltr'><strong>suffici·</strong></span> 
     </span>
     <span class='ocr_line' id='line_1_11' title="bbox 246 1289 2200 1348; baseline -0.001 -14"><span class='ocrx_word' id='word_1_105' title='bbox 246 1296 366 1334; x_wconf 82' lang='lat' dir='ltr'><strong>enter</strong></span> <span class='ocrx_word' id='word_1_106' title='bbox 385 1296 625 1348; x_wconf 81' lang='lat' dir='ltr'><strong>reparatam</strong></span> <span class='ocrx_word' id='word_1_107' title='bbox 646 1293 878 1334; x_wconf 85' lang='lat' dir='ltr'><strong>dimittent.</strong></span> <span class='ocrx_word' id='word_1_108' title='bbox 941 1291 997 1334; x_wconf 90' lang='lat' dir='ltr'><strong>In</strong></span> <span class='ocrx_word' id='word_1_109' title='bbox 1019 1291 1086 1347; x_wconf 86' lang='lat' dir='ltr'><strong>cuj</strong></span> <span class='ocrx_word' id='word_1_110' title='bbox 1093 1306 1142 1334; x_wconf 90' lang='lat' dir='ltr'><strong>us</strong></span> <span class='ocrx_word' id='word_1_111' title='bbox 1162 1291 1222 1333; x_wconf 90' lang='lat' dir='ltr'><strong>rei</strong></span> <span class='ocrx_word' id='word_1_112' title='bbox 1243 1291 1536 1333; x_wconf 83' lang='lat' dir='ltr'><strong>testimonimn</strong></span> <span class='ocrx_word' id='word_1_113' title='bbox 1566 1293 1707 1346; x_wconf 88' lang='lat' dir='ltr'><strong>partes</strong></span> <span class='ocrx_word' id='word_1_114' title='bbox 1738 1290 1927 1346; x_wconf 81' lang='lat' dir='ltr'><strong>predicte</strong></span> <span class='ocrx_word' id='word_1_115' title='bbox 1958 1289 2102 1346; x_wconf 85' lang='lat' dir='ltr'><strong>sigilla</strong></span> <span class='ocrx_word' id='word_1_116' title='bbox 2123 1303 2200 1332; x_wconf 86' lang='lat' dir='ltr'><strong>sua</strong></span> 
     </span>
     <span class='ocr_line' id='line_1_12' title="bbox 246 1383 1359 1440; baseline -0.001 -14"><span class='ocrx_word' id='word_1_117' title='bbox 246 1383 490 1426; x_wconf 80' lang='lat' dir='ltr'><strong>alternatim</strong></span> <span class='ocrx_word' id='word_1_118' title='bbox 512 1387 801 1440; x_wconf 84' lang='lat' dir='ltr'><strong>apposuerunt</strong></span> <span class='ocrx_word' id='word_1_119' title='bbox 821 1383 1088 1439; x_wconf 89' lang='lat' dir='ltr'><strong>presentibus</strong></span> <span class='ocrx_word' id='word_1_120' title='bbox 1108 1383 1359 1425; x_wconf 89' lang='lat' dir='ltr'><strong>indenturis.</strong></span> 
     </span>
    </p>

    <p class='ocr_par' dir='ltr' id='par_1_3' title="bbox 301 1473 1860 1531">
     <span class='ocr_line' id='line_1_13' title="bbox 301 1473 1860 1531; baseline -0.001 -14"><span class='ocrx_word' id='word_1_121' title='bbox 301 1475 466 1518; x_wconf 87' lang='lat' dir='ltr'><strong>Datum</strong></span> <span class='ocrx_word' id='word_1_122' title='bbox 488 1476 603 1531; x_wconf 83' lang='lat' dir='ltr'><strong>apud</strong></span> <span class='ocrx_word' id='word_1_123' title='bbox 623 1475 829 1517; x_wconf 79' lang='lat' dir='ltr'><strong>MARGAN</strong></span> <span class='ocrx_word' id='word_1_124' title='bbox 850 1475 896 1517; x_wconf 89' lang='lat' dir='ltr'><strong>in</strong></span> <span class='ocrx_word' id='word_1_125' title='bbox 916 1475 1042 1517; x_wconf 91' lang='lat' dir='ltr'><strong>domo</strong></span> <span class='ocrx_word' id='word_1_126' title='bbox 1064 1474 1287 1530; x_wconf 79' lang='lat' dir='ltr'><strong>capitulari</strong></span> <span class='ocrx_word' id='word_1_127' title='bbox 1309 1474 1377 1516; x_wconf 90' lang='lat' dir='ltr'><strong>die</strong></span> <span class='ocrx_word' id='word_1_128' title='bbox 1398 1476 1441 1516; x_wconf 88' lang='lat' dir='ltr'><strong>et</strong></span> <span class='ocrx_word' id='word_1_129' title='bbox 1461 1489 1573 1516; x_wconf 86' lang='lat' dir='ltr'><strong>anno</strong></span> <span class='ocrx_word' id='word_1_130' title='bbox 1595 1473 1860 1529; x_wconf 86' lang='lat' dir='ltr'><strong>supradictis.</strong></span> 
     </span>
    </p>

    <p class='ocr_par' dir='ltr' id='par_1_4' title="bbox 250 1562 2200 1709">
     <span class='ocr_line' id='line_1_14' title="bbox 304 1562 2200 1622; baseline -0.002 -14"><span class='ocrx_word' id='word_1_131' title='bbox 304 1566 537 1622; x_wconf 84' lang='lat' dir='ltr'><strong>Imperfect</strong></span> <span class='ocrx_word' id='word_1_132' title='bbox 567 1566 652 1609; x_wconf 86' lang='lat' dir='ltr'><strong>seal</strong></span> <span class='ocrx_word' id='word_1_133' title='bbox 681 1567 757 1608; x_wconf 91' lang='lat' dir='ltr'><strong>red</strong></span> <span class='ocrx_word' id='word_1_134' title='bbox 794 1581 902 1617; x_wconf 85' lang='lat' dir='ltr'>wax,</span> <span class='ocrx_word' id='word_1_135' title='bbox 939 1565 1012 1608; x_wconf 86' lang='lat' dir='ltr'><strong>the</strong></span> <span class='ocrx_word' id='word_1_136' title='bbox 1049 1580 1241 1608; x_wconf 90' lang='lat' dir='ltr'><strong>common</strong></span> <span class='ocrx_word' id='word_1_137' title='bbox 1278 1566 1364 1607; x_wconf 81' lang='lat' dir='ltr'><strong>scal</strong></span> <span class='ocrx_word' id='word_1_138' title='bbox 1400 1564 1445 1607; x_wconf 69' lang='lat' dir='ltr'><strong>of</strong></span> <span class='ocrx_word' id='word_1_139' title='bbox 1475 1564 1684 1607; x_wconf 80' lang='lat' dir='ltr'>MARGAM</span> <span class='ocrx_word' id='word_1_140' title='bbox 1721 1563 1891 1620; x_wconf 89' lang='lat' dir='ltr'><strong>Abbey.</strong></span> <span class='ocrx_word' id='word_1_141' title='bbox 1954 1563 2034 1606; x_wconf 81' lang='lat' dir='ltr'><strong>See</strong></span> <span class='ocrx_word' id='word_1_142' title='bbox 2055 1562 2200 1615; x_wconf 89' lang='lat' dir='ltr'><strong>Birch,</strong></span> 
     </span>
     <span class='ocr_line' id='line_1_15' title="bbox 250 1656 860 1709; baseline -0.002 -9"><span class='ocrx_word' id='word_1_143' title='bbox 250 1657 382 1700; x_wconf 76' lang='lat' dir='ltr'><strong>Catal.</strong></span> <span class='ocrx_word' id='word_1_144' title='bbox 404 1661 455 1709; x_wconf 87' lang='lat' dir='ltr'><strong>of</strong></span> <span class='ocrx_word' id='word_1_145' title='bbox 477 1657 590 1700; x_wconf 72' lang='lat' dir='ltr'><strong>Seals</strong></span> <span class='ocrx_word' id='word_1_146' title='bbox 611 1656 693 1699; x_wconf 90' lang='lat' dir='ltr'><strong>No.</strong></span> <span class='ocrx_word' id='word_1_147' title='bbox 719 1657 860 1709; x_wconf 84' lang='lat'><strong>3‚608.</strong></span> 
     </span>
    </p>

    <p class='ocr_par' dir='ltr' id='par_1_5' title="bbox 304 1745 2200 1804">
     <span class='ocr_line' id='line_1_16' title="bbox 304 1745 2200 1804; baseline -0.002 -13"><span class='ocrx_word' id='word_1_148' title='bbox 304 1748 600 1791; x_wconf 88' lang='lat' dir='ltr'><strong>Endorsed—‘</strong></span> <span class='ocrx_word' id='word_1_149' title='bbox 616 1748 877 1791; x_wconf 85' lang='lat' dir='ltr'><strong>Irrotulatur</strong></span> <span class='ocrx_word' id='word_1_150' title='bbox 906 1763 981 1804; x_wconf 92' lang='lat' dir='ltr'><strong>per</strong></span> <span class='ocrx_word' id='word_1_151' title='bbox 1011 1762 1079 1790; x_wconf 94' lang='lat' dir='ltr'><strong>me</strong></span> <span class='ocrx_word' id='word_1_152' title='bbox 1110 1747 1139 1790; x_wconf 82' lang='lat' dir='ltr'><strong>J</strong></span> <span class='ocrx_word' id='word_1_153' title='bbox 1142 1747 1352 1790; x_wconf 75' lang='lat' dir='ltr'><strong>ohannem</strong></span> <span class='ocrx_word' id='word_1_154' title='bbox 1385 1746 1572 1802; x_wconf 86' lang='lat' dir='ltr'><strong>Torley.&#39;</strong></span> <span class='ocrx_word' id='word_1_155' title='bbox 1650 1751 1659 1768; x_wconf 72' lang='lat'><strong>⁴</strong></span> <span class='ocrx_word' id='word_1_156' title='bbox 1678 1746 1898 1789; x_wconf 84' lang='lat' dir='ltr'><strong>Amabilla</strong></span> <span class='ocrx_word' id='word_1_157' title='bbox 1938 1761 1991 1802; x_wconf 88' lang='lat' dir='ltr'><strong>ap</strong></span> <span class='ocrx_word' id='word_1_158' title='bbox 2028 1745 2200 1788; x_wconf 65' lang='lat' dir='ltr'><strong>David?</strong></span> 
     </span>
    </p>
   </div>
   <div class='ocr_carea' id='block_1_3' title="bbox 247 1840 1410 1968">
    <p class='ocr_par' dir='ltr' id='par_1_6' title="bbox 247 1840 1410 1968">
     <span class='ocr_line' id='line_1_17' title="bbox 247 1840 867 1884; baseline -0.003 0"><span class='ocrx_word' id='word_1_159' title='bbox 247 1845 256 1864; x_wconf 89' lang='lat'>‘</span> <span class='ocrx_word' id='word_1_160' title='bbox 274 1841 487 1884; x_wconf 87' lang='lat' dir='ltr'><strong>Lawson.&#39;</strong></span> <span class='ocrx_word' id='word_1_161' title='bbox 550 1844 560 1862; x_wconf 92' lang='lat'>‘</span> <span class='ocrx_word' id='word_1_162' title='bbox 578 1840 867 1883; x_wconf 85' lang='lat' dir='ltr'><strong>Irrotulatur.’</strong></span> 
     </span>
     <span class='ocr_line' id='line_1_18' title="bbox 1031 1930 1410 1968; baseline -0.003 -8"><span class='ocrx_word' id='word_1_163' title='bbox 1031 1933 1080 1968; x_wconf 87' lang='lat'><strong>(1)</strong></span> <span class='ocrx_word' id='word_1_164' title='bbox 1098 1931 1202 1960; x_wconf 68' lang='lat' dir='ltr'><strong>‘suis‘</strong></span> <span class='ocrx_word' id='word_1_165' title='bbox 1225 1931 1256 1960; x_wconf 83' lang='lat' dir='ltr'><strong>iu</strong></span> <span class='ocrx_word' id='word_1_166' title='bbox 1273 1931 1328 1960; x_wconf 69' lang='lat' dir='ltr'><strong>the</strong></span> <span class='ocrx_word' id='word_1_167' title='bbox 1345 1930 1410 1960; x_wconf 77' lang='lat' dir='ltr'><strong>MS.</strong></span> 
     </span>
    </p>
   </div>
   <div class='ocr_carea' id='block_1_4' title="bbox 1027 2154 1425 2198">
    <p class='ocr_par' dir='ltr' id='par_1_7' title="bbox 1027 2154 1425 2198">
     <span class='ocr_line' id='line_1_19' title="bbox 1027 2154 1425 2198; baseline -0.005 0"><span class='ocrx_word' id='word_1_168' title='bbox 1027 2154 1425 2198; x_wconf 83' lang='lat' dir='ltr'><strong>MCCLXXXIX.</strong></span> 
     </span>
    </p>
   </div>
   <div class='ocr_carea' id='block_1_5' title="bbox 249 2261 2198 2405">
    <p class='ocr_par' dir='ltr' id='par_1_8' title="bbox 249 2261 2198 2405">
     <span class='ocr_line' id='line_1_20' title="bbox 249 2261 2198 2311; baseline -0.001 -3"><span class='ocrx_word' id='word_1_169' title='bbox 249 2264 627 2311; x_wconf 81' lang='lat' dir='ltr'><strong>QUIT-CLAIM</strong></span> <span class='ocrx_word' id='word_1_170' title='bbox 667 2264 754 2307; x_wconf 83' lang='lat' dir='ltr'><strong>BY</strong></span> <span class='ocrx_word' id='word_1_171' title='bbox 803 2263 972 2307; x_wconf 83' lang='lat' dir='ltr'><strong>JOHN</strong></span> <span class='ocrx_word' id='word_1_172' title='bbox 1026 2263 1107 2305; x_wconf 79' lang='grc' dir='ltr'><strong>ΑΡ</strong></span> <span class='ocrx_word' id='word_1_173' title='bbox 1159 2262 1328 2306; x_wconf 86' lang='lat' dir='ltr'>JOHN</span> <span class='ocrx_word' id='word_1_174' title='bbox 1383 2261 1465 2305; x_wconf 88' lang='grc' dir='ltr'><strong>ΑΡ</strong></span> <span class='ocrx_word' id='word_1_175' title='bbox 1518 2261 1786 2304; x_wconf 80' lang='lat' dir='ltr'><strong>MORGAN</strong></span> <span class='ocrx_word' id='word_1_176' title='bbox 1843 2261 1919 2304; x_wconf 89' lang='lat' dir='ltr'><strong>TO</strong></span> <span class='ocrx_word' id='word_1_177' title='bbox 1975 2262 2198 2306; x_wconf 86' lang='lat' dir='ltr'><strong>YEVAN</strong></span> 
     </span>
     <span class='ocr_line' id='line_1_21' title="bbox 394 2352 2198 2405; baseline -0.001 -8"><span class='ocrx_word' id='word_1_178' title='bbox 394 2356 473 2398; x_wconf 83' lang='grc' dir='ltr'><strong>ΑΡ</strong></span> <span class='ocrx_word' id='word_1_179' title='bbox 545 2355 783 2399; x_wconf 87' lang='lat' dir='ltr'>HOWEL</span> <span class='ocrx_word' id='word_1_180' title='bbox 846 2355 928 2398; x_wconf 87' lang='grc' dir='ltr'><strong>ΑΡ</strong></span> <span class='ocrx_word' id='word_1_181' title='bbox 991 2353 1264 2405; x_wconf 78' lang='lat' dir='ltr'>THOMAS,</span> <span class='ocrx_word' id='word_1_182' title='bbox 1329 2353 1407 2396; x_wconf 86' lang='lat' dir='ltr'><strong>OF</strong></span> <span class='ocrx_word' id='word_1_183' title='bbox 1472 2352 1674 2396; x_wconf 77' lang='lat' dir='ltr'>RIGHT</span> <span class='ocrx_word' id='word_1_184' title='bbox 1745 2352 1820 2395; x_wconf 85' lang='grc' dir='ltr'><strong>ΤΟ</strong></span> <span class='ocrx_word' id='word_1_185' title='bbox 1883 2353 2060 2396; x_wconf 90' lang='lat' dir='ltr'><strong>LAND</strong></span> <span class='ocrx_word' id='word_1_186' title='bbox 2125 2353 2198 2396; x_wconf 90' lang='lat' dir='ltr'><strong>IN</strong></span> 
     </span>
    </p>
   </div>
   <div class='ocr_carea' id='block_1_6' title="bbox 393 2446 2136 2688">
    <p class='ocr_par' dir='ltr' id='par_1_9' title="bbox 393 2446 2136 2688">
     <span class='ocr_line' id='line_1_22' title="bbox 393 2446 779 2491; baseline -0.003 -2"><span class='ocrx_word' id='word_1_187' title='bbox 393 2446 617 2491; x_wconf 83' lang='lat' dir='ltr'><strong>MORVA</strong></span> <span class='ocrx_word' id='word_1_188' title='bbox 658 2446 779 2489; x_wconf 87' lang='lat' dir='ltr'>LEI.</span> 
     </span>
     <span class='ocr_line' id='line_1_23' title="bbox 1063 2544 1392 2601; baseline 0 -14"><span class='ocrx_word' id='word_1_189' title='bbox 1063 2545 1242 2601; x_wconf 64' lang='lat' dir='ltr'>[CARNE</span> <span class='ocrx_word' id='word_1_190' title='bbox 1274 2544 1392 2600; x_wconf 84' lang='lat' dir='ltr'>MS.]</span> 
     </span>
     <span class='ocr_line' id='line_1_24' title="bbox 1259 2643 2136 2688; baseline 0 -2"><span class='ocrx_word' id='word_1_191' title='bbox 1259 2646 1314 2686; x_wconf 78' lang='lat'><strong>23</strong></span> <span class='ocrx_word' id='word_1_192' title='bbox 1348 2644 1531 2687; x_wconf 77' lang='lat' dir='ltr'>MARCH.</span> <span class='ocrx_word' id='word_1_193' title='bbox 1595 2645 1620 2685; x_wconf 81' lang='grc'><strong><em>5</em></strong></span> <span class='ocrx_word' id='word_1_194' title='bbox 1653 2644 1778 2686; x_wconf 81' lang='grc' dir='ltr'><strong>ΗΕΝ.</strong></span> <span class='ocrx_word' id='word_1_195' title='bbox 1811 2643 1947 2688; x_wconf 88' lang='lat' dir='ltr'><strong>VIII.</strong></span> <span class='ocrx_word' id='word_1_196' title='bbox 2013 2645 2136 2687; x_wconf 85' lang='lat'>1514.</span> 
     </span>
    </p>
   </div>
   <div class='ocr_carea' id='block_1_7' title="bbox 248 2751 2196 2992">
    <p class='ocr_par' dir='ltr' id='par_1_10' title="bbox 248 2751 2196 2992">
     <span class='ocr_line' id='line_1_25' title="bbox 307 2751 2196 2808; baseline -0.001 -11"><span class='ocrx_word' id='word_1_197' title='bbox 307 2755 516 2797; x_wconf 88' lang='lat' dir='ltr'><strong>Omnibus</strong></span> <span class='ocrx_word' id='word_1_198' title='bbox 548 2755 736 2797; x_wconf 82' lang='lat' dir='ltr'>CHRISTI</span> <span class='ocrx_word' id='word_1_199' title='bbox 765 2753 960 2796; x_wconf 90' lang='lat' dir='ltr'><strong>fidelibus</strong></span> <span class='ocrx_word' id='word_1_200' title='bbox 988 2753 1043 2795; x_wconf 91' lang='lat' dir='ltr'><strong>ad</strong></span> <span class='ocrx_word' id='word_1_201' title='bbox 1071 2767 1175 2808; x_wconf 89' lang='lat' dir='ltr'><strong>quos</strong></span> <span class='ocrx_word' id='word_1_202' title='bbox 1205 2767 1376 2808; x_wconf 88' lang='lat' dir='ltr'><strong>presens</strong></span> <span class='ocrx_word' id='word_1_203' title='bbox 1407 2752 1608 2807; x_wconf 88' lang='lat' dir='ltr'><strong>scriptum</strong></span> <span class='ocrx_word' id='word_1_204' title='bbox 1639 2751 1879 2806; x_wconf 85' lang='lat' dir='ltr'><strong>pervenerit</strong></span> <span class='ocrx_word' id='word_1_205' title='bbox 1911 2785 1920 2793; x_wconf 90' lang='lat'><strong><em>.</em></strong></span> <span class='ocrx_word' id='word_1_206' title='bbox 1952 2751 1983 2795; x_wconf 86' lang='lat' dir='ltr'><strong>J</strong></span> <span class='ocrx_word' id='word_1_207' title='bbox 1985 2766 2196 2795; x_wconf 78' lang='lat' dir='ltr'><strong>onANNEs</strong></span> 
     </span>
     <span class='ocr_line' id='line_1_26' title="bbox 248 2842 2193 2902; baseline -0.002 -13"><span class='ocrx_word' id='word_1_208' title='bbox 248 2862 302 2902; x_wconf 86' lang='lat' dir='ltr'><strong>ap</strong></span> <span class='ocrx_word' id='word_1_209' title='bbox 337 2846 367 2889; x_wconf 83' lang='lat' dir='ltr'>J</span> <span class='ocrx_word' id='word_1_210' title='bbox 370 2860 494 2888; x_wconf 81' lang='lat' dir='ltr'><strong>OHAN</strong></span> <span class='ocrx_word' id='word_1_211' title='bbox 523 2862 576 2902; x_wconf 88' lang='lat' dir='ltr'><strong>ap</strong></span> <span class='ocrx_word' id='word_1_212' title='bbox 605 2846 806 2888; x_wconf 81' lang='lat' dir='ltr'>MORGAN</span> <span class='ocrx_word' id='word_1_213' title='bbox 835 2859 888 2900; x_wconf 91' lang='lat' dir='ltr'><strong>ap</strong></span> <span class='ocrx_word' id='word_1_214' title='bbox 922 2844 1056 2886; x_wconf 68' lang='lat' dir='ltr'><strong>EvAN</strong></span> <span class='ocrx_word' id='word_1_215' title='bbox 1089 2859 1142 2899; x_wconf 84' lang='lat' dir='ltr'><strong>ap</strong></span> <span class='ocrx_word' id='word_1_216' title='bbox 1177 2843 1334 2886; x_wconf 66' lang='lat' dir='ltr'><strong>DAvm</strong></span> <span class='ocrx_word' id='word_1_217' title='bbox 1368 2843 1548 2885; x_wconf 86' lang='lat' dir='ltr'><strong>salutem</strong></span> <span class='ocrx_word' id='word_1_218' title='bbox 1580 2842 1626 2885; x_wconf 90' lang='lat' dir='ltr'><strong>in</strong></span> <span class='ocrx_word' id='word_1_219' title='bbox 1659 2842 1847 2885; x_wconf 80' lang='lat' dir='ltr'><strong>Domino</strong></span> <span class='ocrx_word' id='word_1_220' title='bbox 1880 2843 2193 2898; x_wconf 84' lang='lat' dir='ltr'><strong>sempiternam.</strong></span> 
     </span>
     <span class='ocr_line' id='line_1_27' title="bbox 248 2933 2196 2992; baseline -0.002 -12"><span class='ocrx_word' id='word_1_221' title='bbox 248 2937 467 2980; x_wconf 88' lang='lat' dir='ltr'><strong>Noveritis</strong></span> <span class='ocrx_word' id='word_1_222' title='bbox 505 2953 573 2979; x_wconf 88' lang='lat' dir='ltr'><strong>me</strong></span> <span class='ocrx_word' id='word_1_223' title='bbox 612 2937 828 2992; x_wconf 83' lang='lat' dir='ltr'><strong>prefatum</strong></span> <span class='ocrx_word' id='word_1_224' title='bbox 861 2935 890 2978; x_wconf 86' lang='lat' dir='ltr'><strong>J</strong></span> <span class='ocrx_word' id='word_1_225' title='bbox 893 2950 1118 2978; x_wconf 83' lang='lat' dir='ltr'>OHANNEM</span> <span class='ocrx_word' id='word_1_226' title='bbox 1159 2934 1388 2976; x_wconf 87' lang='lat' dir='ltr'><strong>remississe</strong></span> <span class='ocrx_word' id='word_1_227' title='bbox 1422 2934 1631 2976; x_wconf 83' lang='lat' dir='ltr'><strong>relaxasse</strong></span> <span class='ocrx_word' id='word_1_228' title='bbox 1665 2937 1708 2975; x_wconf 89' lang='lat' dir='ltr'><strong>et</strong></span> <span class='ocrx_word' id='word_1_229' title='bbox 1738 2933 1912 2976; x_wconf 89' lang='lat' dir='ltr'><strong>omnino</strong></span> <span class='ocrx_word' id='word_1_230' title='bbox 1945 2948 2021 2989; x_wconf 86' lang='lat' dir='ltr'><strong>pro</strong></span> <span class='ocrx_word' id='word_1_231' title='bbox 2053 2949 2121 2976; x_wconf 93' lang='lat' dir='ltr'><strong>me</strong></span> <span class='ocrx_word' id='word_1_232' title='bbox 2153 2938 2196 2977; x_wconf 89' lang='lat' dir='ltr'><strong>et</strong></span> 
     </span>
    </p>
   </div>
   <div class='ocr_carea' id='block_1_8' title="bbox 249 3023 2198 3083">
    <p class='ocr_par' dir='ltr' id='par_1_11' title="bbox 249 3023 2198 3083">
     <span class='ocr_line' id='line_1_28' title="bbox 249 3023 2198 3083; baseline -0.002 -13"><span class='ocrx_word' id='word_1_233' title='bbox 249 3027 475 3070; x_wconf 88' lang='lat' dir='ltr'><strong>heredibus</strong></span> <span class='ocrx_word' id='word_1_234' title='bbox 497 3027 601 3070; x_wconf 91' lang='lat' dir='ltr'><strong>meis</strong></span> <span class='ocrx_word' id='word_1_235' title='bbox 621 3027 936 3083; x_wconf 89' lang='lat' dir='ltr'><strong>imperpetuum</strong></span> <span class='ocrx_word' id='word_1_236' title='bbox 958 3025 1149 3081; x_wconf 85' lang='lat' dir='ltr'><strong>quietum</strong></span> <span class='ocrx_word' id='word_1_237' title='bbox 1181 3025 1381 3067; x_wconf 88' lang='lat' dir='ltr'><strong>clamasse</strong></span> <span class='ocrx_word' id='word_1_238' title='bbox 1411 3023 1608 3067; x_wconf 63' lang='lat' dir='ltr'><strong>Yssvfflo</strong></span> <span class='ocrx_word' id='word_1_239' title='bbox 1634 3039 1687 3079; x_wconf 87' lang='lat' dir='ltr'><strong>ap</strong></span> <span class='ocrx_word' id='word_1_240' title='bbox 1717 3023 1895 3066; x_wconf 75' lang='lat' dir='ltr'>HovaL</span> <span class='ocrx_word' id='word_1_241' title='bbox 1924 3039 1978 3080; x_wconf 91' lang='lat' dir='ltr'><strong>ap</strong></span> <span class='ocrx_word' id='word_1_242' title='bbox 2009 3023 2198 3067; x_wconf 69' lang='lat' dir='ltr'><strong>Tnoms</strong></span> 
     </span>
    </p>
   </div>
  </div>
 </body>
</html>
