2362 3392
1942 167 2053 209 1717

937 371 1341 415 MGGXXXVIII.

162 470 377 514 GRANT
450 471 537 514 BY
608 470 638 513 J
641 470 776 513 OHN
838 470 1157 524 HERBERT,
1237 471 1615 516 OTHERWISE
1688 472 1965 526 RAGLAN,
2032 475 2108 518 ΤΟ

305 553 593 597 GRUFFIN
632 553 715 596 ΑΡ
755 552 943 605 ARON,
977 554 1173 597 VIOAR
1219 554 1297 597 OF
1341 554 1704 605 PENDULON,
1746 556 1881 599 AND
1919 557 2108 601 MANY

304 635 564 687 OTHERS,
618 636 695 678 OF
744 635 871 678 ALL
925 636 1033 678 HIS
1084 637 1291 680 LANDS
1341 636 1424 680 AT
1477 636 1792 682 LANTWIT.

952 743 1168 800 [FONMON
1209 743 1328 801 MS]

1268 837 1319 878 17
1351 838 1472 879 Aue.
1534 837 1588 878 20
1620 836 1747 879 Enw.
1780 836 1862 881 IV.
1927 839 2050 881 1480.

216 925 363 968 Sciant
402 929 618 982 presentes
659 929 702 968 et
741 925 878 967 futuri
914 927 1026 981 quod
1063 942 1142 982 ego
1183 927 1212 970 J
1215 941 1425 970 OHANNEs
1467 928 1695 970 HERBERT
1735 929 1873 972 dietus
1914 929 2107 973 RAGLAN

161 1008 346 1064 armiger
366 1008 464 1050 dedi
492 1008 673 1051 concessi
698 1011 740 1051 et
767 1007 846 1050 hac
870 1009 1056 1063 presenti
1085 1013 1199 1052 carta
1224 1025 1318 1053 mea
1343 1011 1589 1053 confirmavi
1620 1010 1860 1054 GRUFFINO
1891 1028 1944 1068 ap
1974 1013 2109 1056 ARoN

160 1090 317 1133 vicario
349 1091 520 1133 ecclesie
561 1091 612 1133 de
652 1090 903 1133 PENDULON
940 1124 948 1132 .
984 1091 1150 1134 ΤΗΟΜΕ
1183 1093 1318 1135 DAVY
1352 1094 1503 1136 rectori
1539 1094 1708 1137 ecclesie
1741 1095 1794 1137 de
1833 1094 2063 1138 LANDOGH
2097 1130 2106 1138 .

160 1172 395 1216 GALFmDo
435 1174 590 1216 vicario
650 1174 702 1216 de
752 1173 1000 1215 PENLLYNE
1045 1208 1052 1216 .
1102 1174 1354 1218 WILLELMO
1404 1175 1594 1218 LOYDYN
1645 1177 1796 1220 rectori
1849 1178 2018 1221 ecclesie
2059 1179 2114 1220 de

158 1255 346 1298 LAMAYs
391 1290 399 1298 .
444 1256 474 1298 J
476 1270 665 1298 OHANNE
725 1255 915 1298 THOMAs
968 1258 1119 1299 rectori
1171 1258 1340 1300 ecclesie
1395 1259 1447 1300 de
1502 1258 1753 1302 PORTKYRY
1796 1293 1804 1301 .
1850 1260 2109 1304 WILLELMO

155 1338 350 1381 RAGLAN
385 1373 392 1380 .
427 1338 672 1381 Lunowmo
716 1338 909 1380 RAGLAN
950 1373 957 1379 .
1001 1339 1220 1381 JoHANNE
1263 1339 1419 1382 CARNE
1454 1376 1461 1383 .
1496 1341 1703 1384 HOWELL
1745 1357 1799 1397 ap
1839 1342 2009 1385 Pmmp
2055 1359 2111 1400 ap

157 1421 348 1464 'PHOMAS
381 1455 388 1462 .
422 1421 668 1464 Lunowmo
708 1421 834 1464 JOHN
869 1455 877 1463 .
910 1422 1100 1464 JANKYN
1134 1438 1188 1478 ap
1222 1423 1377 1466 JEVAN
1408 1423 1604 1467 VYCHAN
1638 1458 1645 1466 .
1679 1424 1848 1467 THOME
1879 1425 2065 1469 &mmm
2100 1460 2110 1469 .

158 1508 200 1546 et
233 1503 387 1546 JEVAN
418 1519 472 1560 ap
504 1503 702 1546 GWILYM
734 1519 787 1559 ap
819 1504 1080 1547 LLEWELYN
1113 1505 1250 1547 BAGH
1285 1541 1292 1548 .
1327 1521 1472 1549 omnes
1503 1510 1636 1549 terras
1668 1510 1712 1549 et
1744 1510 1989 1551 tenementa
2015 1524 2111 1552 mea

159 1602 240 1642 que
261 1586 396 1629 habeo
424 1587 540 1629 infra
568 1587 807 1629 dominium
835 1588 887 1629 de
918 1587 1160 1630 LANTWYT.
1224 1588 1489 1631 Habendum
1518 1592 1560 1632 et
1586 1591 1821 1632 tenendum
1850 1606 1995 1634 omnes
2015 1607 2108 1647 pre-

158 1668 292 1711 dictas
312 1671 446 1710 terras
466 1671 509 1710 et
528 1672 775 1711 tenementa
795 1669 984 1724 predicto
1007 1669 1248 1712 GRUFmNo
1273 1704 1281 1712 .
1305 1670 1473 1713 ΤΗΟΜΕ
1497 1704 1505 1713 .
1531 1670 1766 1714 GALFRIDO
1789 1705 1797 1714 .
1817 1672 2077 1716 WILLELMO
2101 1708 2109 1716 .

155 1749 363 1793 JOHANNJ
411 1784 419 1792 .
469 1749 727 1794 WILLELMO
781 1785 788 1792 .
842 1750 1086 1793 LUDowteo
1129 1786 1135 1793 .
1180 1751 1388 1794 JOHANNI
1442 1786 1450 1794 .
1503 1752 1710 1795 HOWELL
1755 1789 1763 1796 .
1807 1753 2054 1798 Lunowmo
2098 1790 2107 1798 .

158 1832 348 1877 JANKYN
393 1868 400 1874 .
444 1832 612 1875 ΤΗΟΜΕ
661 1868 668 1876 .
713 1839 755 1876 et
800 1834 828 1876 J
834 1849 953 1876 EVAN
997 1836 1051 1876 ad
1101 1835 1332 1877 terminum
1384 1836 1469 1878 vite
1518 1837 1601 1878 mei
1651 1838 1830 1892 predicti
1879 1838 2111 1881 JOHANNIS

156 1915 383 1958 HERBERT
414 1917 465 1958 de
503 1916 754 1971 capitalibus
794 1917 977 1959 dominis
1017 1917 1132 1959 feodi
1171 1917 1287 1959 illius
1326 1933 1401 1974 per
1441 1919 1616 1961 servicia
1647 1919 1748 1962 inde
1788 1920 1932 1963 debita
1973 1925 2015 1964 et
2055 1923 2109 1964 de

153 1997 250 2054 jure
289 2001 499 2040 consueta.
576 1998 642 2040 Ac
682 2014 761 2055 ego
798 2014 895 2041 vero
936 2000 1149 2054 predictus
1185 1999 1426 2042 ‹IOHANNES
1458 2000 1684 2043 HERBERT
1716 2017 1863 2045 omnes
1895 2005 2106 2059 predictas

158 2084 290 2123 terras
323 2084 366 2123 et
398 2085 642 2124 tenementa
675 2083 865 2138 predicto
900 2083 1126 2124 Grmrrmo
1171 2117 1178 2125 .
1223 2082 1389 2125 ΤΗΟΜΕ
1435 2118 1442 2125 .
1486 2083 1721 2127 GALFRIDO
1758 2120 1766 2128 .
1804 2085 2064 2130 WILLELMo
2097 2124 2106 2132 .

155 2163 364 2206 JOHANNI
410 2198 418 2205 .
472 2163 729 2207 WILLELMo
783 2198 790 2206 .
844 2164 1086 2206 LUDOWICO
1131 2199 1138 2206 .
1185 2165 1393 2208 JOHANNI
1442 2200 1449 2208 .
1498 2166 1705 2209 HowELL
1753 2202 1760 2210 .
1809 2167 2053 2212 Lonowmo
2096 2204 2105 2213 .

155 2246 345 2289 JANKYN
380 2281 388 2288 .
422 2246 589 2289 ΤΗΟΜΕ
624 2281 631 2288 .
665 2253 706 2289 et
742 2247 772 2290 J
778 2262 895 2289 EVAN
930 2281 938 2288 .
971 2252 1115 2289 contra
1146 2263 1291 2290 omnes
1327 2255 1476 2304 gentes
1508 2250 1804 2294 warantizabo.
1886 2252 1941 2294 In
1982 2253 2106 2310 cujus

154 2329 216 2371 rei
236 2329 529 2371 testimonium
549 2329 647 2371 huic
668 2330 853 2384 presenti
876 2334 987 2371 carte
1008 2345 1100 2371 mee
1120 2330 1311 2385 sigillum
1332 2346 1475 2374 meum
1501 2333 1691 2388 apposui.
1753 2333 1857 2376 Hiis
1881 2335 2060 2378 testibus
2092 2371 2101 2378 .

155 2412 357 2454 HUGONE
394 2412 587 2454 RAGLAN
630 2412 783 2454 vicario
824 2412 993 2454 ecclesie
1029 2413 1081 2454 de
1114 2412 1345 2455 LANTWYT
1378 2449 1386 2456 .
1420 2414 1588 2457 ΤΗΟΜΑ
1625 2415 1809 2459 Comme
1842 2450 1851 2459 .
1884 2418 2104 2461 JOHANNE

156 2494 289 2536 DERE
323 2529 331 2536 .
365 2497 408 2536 et
437 2494 584 2536 multis
614 2494 720 2535 aliis.

212 2576 377 2619 Datum
417 2578 532 2632 apud.
572 2576 802 2618 LANTWYT
842 2577 1004 2618 decimo
1054 2578 1234 2633 septimo
1276 2580 1344 2622 die
1395 2581 1588 2637 Augusti
1629 2596 1742 2625 anno
1791 2584 1915 2639 regni
1966 2585 2101 2642 Regis

154 2658 380 2700 EDWARm
403 2659 544 2713 quarti
564 2662 657 2713 post
680 2663 957 2713 conquestum
977 2659 1186 2703 vicesimo.

213 2740 323 2792 Seal,
344 2742 420 2782 red
441 2756 548 2792 wax,
570 2740 744 2782 broken.
805 2739 927 2783 Deed
946 2742 1046 2796 poll.

210 2822 287 2851 This
303 2822 382 2851 deed
403 2831 565 2860 preserves
588 2821 643 2850 the
666 2830 775 2850 names
797 2822 829 2849 of
852 2822 907 2851 the
929 2823 1131 2854 incumbents
1154 2827 1186 2854 of
1209 2827 1259 2855 six
1281 2827 1423 2864 parishes
1446 2828 1478 2856 in
1502 2828 1581 2857 East
1603 2828 1812 2866 Glamorgan.
1854 2830 1922 2860 The
1936 2831 1999 2868 gift
2022 2842 2088 2862 was

162 2878 320 2916 probably
335 2878 386 2907 for
407 2876 637 2907 ecclesiastical
657 2886 738 2906 uses
780 2877 869 2907 John
891 2878 1001 2917 Carne,
1017 2880 1072 2910 the
1093 2881 1199 2918 squire
1220 2883 1254 2911 of
1276 2882 1441 2921 Llantwit,
1463 2884 1599 2914 married
1620 2884 1788 2914 Elizabeth
1809 2885 1957 2916 Herbert.
1998 2887 2086 2918 John

162 2933 242 2962 Dere
258 2942 292 2962 or
307 2933 388 2962 Deci·
403 2933 429 2962 is
444 2933 499 2961 the
515 2932 644 2961 earliest
659 2932 778 2961 known
794 2934 935 2963 member
949 2935 982 2963 of
1003 2945 1022 2964 a
1038 2936 1151 2975 family
1167 2937 1245 2975 long
1260 2938 1380 2968 settled
1393 2942 1429 2968 at
1443 2948 1478 2968 or
1492 2940 1593 2970 about
1612 2939 1902 2978 Llantwit-Major.
