2362 3392
1993 192 2103 234 1735

1083 397 1286 441 MOOLI.

212 523 388 568 GRAN
390 522 427 566 Τ
487 522 574 566 BY
633 522 890 565 THOMAS
951 521 1326 575 WENLLONG,
1387 521 1514 566 CAN
1516 522 1601 566 ΟΝ
1661 522 1740 565 OF
1798 521 2156 576 LLANDAFF,

353 613 488 656 AND
539 612 800 665 OTHERS,
846 612 922 655 ΤΟ
973 613 1142 657 JOHN
1187 613 1445 656 THOMAS
1496 612 1574 656 OF
1619 612 1751 656 THE
1801 612 2027 657 TOWER
2080 612 2158 656 OF

355 702 749 754 OOWBRIDGE‚
792 703 896 745 ETc.

1060 811 1135 868 [G.
1161 811 1211 855 Gr.
1236 811 1311 868 F.]

1306 929 1361 970 26
1392 927 1520 970 Smper,
1582 928 1608 969 3
1640 927 1765 970 ΗΕΝ.
1798 926 1908 971 VII.
1973 927 2097 969 1487.

264 1035 410 1078 Sciant
437 1038 652 1091 presentes
682 1039 722 1077 et
756 1034 893 1077 futuri
929 1035 1040 1090 quod
1074 1050 1151 1077 nos
1181 1035 1378 1078 dominus
1411 1034 1601 1078 THOMAS
1635 1034 1903 1079 WENLLONG
1933 1034 2158 1077 canonicus

206 1127 374 1169 ecclesie
404 1127 682 1169 cathederalis
708 1127 794 1181 (stc)
831 1125 1153 1168 LANDAVENsrs
1185 1126 1358 1169 diocesis
1377 1125 1456 1168 hac
1476 1126 1657 1169 vicarius
1677 1127 1730 1168 de
1759 1125 2156 1168 LANEBLETHIANE

204 1217 234 1260 J
237 1231 447 1260 OHANNES
477 1216 619 1261 WEsT
651 1220 693 1259 et
725 1216 964 1259 ROBERTUS
1000 1216 1195 1259 BEGANE
1225 1216 1457 1273 burgenses
1486 1217 1586 1259 ville
1617 1218 1670 1259 de
1711 1216 1985 1259 OOWBRIGGE
2021 1231 2160 1272 nuper

202 1308 445 1350 feoffatores
474 1307 721 1351 WILLELMI
756 1307 963 1349 Pmoun:
991 1306 1215 1363 burgensis
1241 1307 1428 1362 predicte
1451 1307 1551 1349 ville
1579 1308 1632 1349 de
1663 1310 1705 1349 et
1732 1307 1778 1349 in
1808 1307 2005 1350 omnibus
2035 1307 2159 1350 terris

203 1400 246 1441 et
274 1398 529 1441 tenementis
559 1397 782 1454 burgagiis
813 1401 855 1440 et
890 1397 1080 1440 dimidiis
1110 1397 1331 1454 burgagiis
1360 1413 1441 1453 que
1468 1413 1605 1454 nuper
1631 1397 1859 1440 habuimus
1887 1413 1939 1440 ex
1969 1398 2081 1440 dono
2116 1400 2159 1440 et

204 1488 481 1531 feoffamento
512 1488 691 1544 predicti
721 1488 971 1532 WILLELMI
1005 1488 1210 1530 Pmonmz
1242 1491 1292 1530 ut
1321 1488 1463 1544 jacent
1495 1489 1540 1531 in
1570 1489 1673 1531 villa
1703 1489 1892 1544 predicta
1921 1492 2011 1530 tam
2043 1488 2158 1530 infra

204 1582 347 1635 portas
387 1594 516 1635 quam
558 1582 679 1622 extra
718 1582 862 1635 portas
902 1579 1002 1622 ville
1042 1579 1228 1634 predicte
1270 1595 1449 1635 quorum
1490 1582 1603 1622 mete
1638 1583 1680 1622 et
1710 1579 1854 1622 bunde
1894 1582 2044 1635 patent
2085 1594 2161 1635 per

203 1673 363 1712 cartam
383 1669 645 1712 feoffamenti
666 1671 766 1712 inde
795 1670 917 1713 nobis
948 1670 1183 1712 confectam
1214 1671 1328 1712 unde
1355 1685 1431 1712 nos
1458 1670 1637 1726 predicti
1664 1669 1853 1712 THOMAS
1884 1670 2155 1714 WENLLONG

202 1761 428 1804 eanonicus
460 1760 702 1803 JOHANNES
725 1760 862 1804 WEST
894 1764 936 1803 et
966 1761 1206 1803 ROBERTUS
1240 1760 1433 1803 BEGANE
1461 1760 1656 1803 unanimi
1683 1775 1853 1803 assensu
1882 1764 1924 1802 et
1952 1775 2157 1803 consensu

202 1851 396 1894 dedimus
413 1852 692 1894 concessimus
713 1855 755 1893 et
776 1851 854 1894 hac
876 1852 1061 1907 presenti
1083 1856 1201 1894 carta
1221 1855 1364 1893 nostra
1379 1851 1724 1894 confirmavimus
1736 1851 1949 1894 JOHANM
1965 1850 2155 1893 THOMAs

201 1943 289 1985 filio
319 1942 349 1985 J
351 1958 550 1985 OHANNIS
585 1958 638 1998 ap
668 1942 697 1985 J
701 1957 819 1985 EVAN
856 1957 909 1997 ap
945 1941 1134 1984 TnoMAs
1168 1956 1299 1984 unam
1338 1945 1499 1984 turrem
1539 1957 1634 1985 cum
1671 1942 1868 1984 omnibus
1904 1941 2156 1997 curtillagiis

198 2037 241 2076 et
268 2034 400 2076 muris
422 2033 501 2076 sibi
528 2033 815 2090 spectantibus
848 2036 898 2076 ut
928 2033 1072 2089 jacent
1104 2033 1217 2075 infra
1253 2048 1394 2076 muros
1424 2033 1525 2075 ville
1551 2033 1739 2089 predicte
1770 2048 1817 2076 ac
1855 2032 1987 2075 eciam
2020 2046 2156 2074 unum

200 2124 493 2180 curtillagium
528 2124 641 2180 jacet
675 2139 726 2166 ex
770 2124 961 2180 opposito
1002 2124 1153 2166 domus
1193 2124 1317 2166 modo
1353 2124 1399 2166 in
1439 2123 1637 2166 manibus
1680 2123 1813 2166 R10E1
1855 2123 2065 2165 PRESENT
2107 2124 2156 2165 ut

192 2214 306 2270 jacet
326 2215 517 2270 proxime
539 2215 780 2271 curtillagio
802 2214 988 2270 predicte
1018 2214 1146 2256 turris
1175 2214 1397 2270 adjacente
1426 2217 1475 2257 ut
1505 2214 1618 2270 jacet
1645 2214 1759 2257 inter
1785 2219 1942 2257 terram
1975 2213 2155 2270 predicti

197 2305 226 2349 J
229 2320 429 2347 OHANNIS
477 2306 523 2347 in
564 2308 684 2361 parte
725 2305 975 2347 occidentali
1023 2308 1066 2347 et
1106 2308 1263 2347 terram
1303 2305 1483 2360 predicti
1524 2305 1658 2348 Rmm
1700 2305 1909 2348 PRESENT
1946 2305 1992 2347 in
2034 2307 2153 2360 parte

200 2397 394 2440 orientali
430 2399 472 2438 et
504 2396 637 2438 altam
665 2396 779 2438 viam
811 2397 1036 2439 ducentem
1068 2411 1143 2451 per
1176 2396 1367 2438 medium
1393 2395 1581 2452 ejusdem
1609 2397 1710 2439 ville
1744 2397 1790 2438 in
1823 2399 1943 2452 parte
1977 2394 2152 2438 australi

199 2490 242 2530 et
261 2501 403 2529 muros
424 2486 534 2528 dicte
555 2486 656 2528 ville
677 2487 722 2528 in
743 2489 862 2541 parte
882 2486 1052 2529 boreali.
1116 2486 1380 2529 Habendum
1401 2494 1444 2529 et
1463 2488 1696 2530 tenendum
1724 2487 1958 2543 predictam
1987 2489 2149 2528 turrem

197 2592 294 2620 cum
327 2576 523 2619 omnibus
549 2577 801 2633 curtillagiis
832 2579 875 2619 et
903 2577 1036 2619 muris
1066 2576 1146 2619 sibi
1178 2577 1465 2633 spectantibus
1488 2593 1536 2621 ac
1570 2578 1702 2620 eciam
1737 2578 1975 2634 predictum
2005 2575 2149 2618 curtil-

193 2668 357 2724 lagium
387 2667 601 2724 adjacent'
634 2670 683 2709 ut
714 2682 841 2723 supra
870 2667 1034 2710 dictum
1056 2670 1119 2710 est
1148 2668 1313 2724 prefato
1344 2668 1373 2711 J
1376 2683 1554 2711 oHANm
1586 2668 1775 2710 THOMAS
1806 2667 2030 2710 heredibus
2061 2666 2148 2709 suis

196 2762 239 2801 et
260 2759 485 2814 assignatis
506 2760 558 2801 de
588 2759 759 2814 capitali
787 2759 959 2801 domino
982 2759 1082 2801 ville
1101 2759 1288 2814 predicte
1318 2775 1392 2815 per
1421 2760 1612 2802 redditus
1638 2763 1680 2802 et
1707 2759 1880 2802 servicia
1905 2760 2021 2815 prius
2044 2760 2144 2803 inde

196 2849 343 2892 debita
382 2852 425 2892 et
463 2850 516 2891 de
555 2849 651 2905 jure
691 2851 890 2892 consueta
929 2849 1256 2905 imperpetuum.
1330 2850 1390 2893 Et
1439 2865 1515 2892 nos
1554 2865 1652 2892 vero
1696 2850 1910 2906 predictus
1949 2850 2146 2893 dominus

193 2939 383 2982 TnoMAs
415 2939 700 2983 WENLLONG’
723 2939 948 2982 canonicus
978 2939 1008 2982 J
1011 2954 1221 2982 OHANNES
1243 2940 1382 2984 WEST
1404 2944 1446 2983 et
1474 2940 1714 2983 ROBERTUS
1744 2940 1936 2983 BEGANE
1967 2940 2142 2983 heredes
