2362 3392
1996 202 2106 243 1635

1071 504 1324 548 MOXOVI.

226 612 602 661 QUIT-OLAIM
629 613 716 656 BY
746 612 1036 657 WILLIAM
1066 612 1200 655 AND
1231 612 1260 655 J
1263 611 1400 654 OHN
1430 610 1812 655 STRADLYNG
1842 612 1918 655 ΤΟ
1940 613 2170 657 HENRY

368 703 752 747 STRADLYNG
807 703 885 746 OF
932 703 1135 746 RIGHT
1179 702 1254 745 ΤΟ
1297 701 1427 745 ΤΗΕ
1467 701 1694 745 MANOR
1734 703 1812 745 OF
1852 703 2170 748 MERTHYR

368 793 581 838 MAWR.

1077 899 1309 957 [G.G.F.]
1370 900 1554 942 2J1JNE.
1618 901 1672 942 32
1695 900 1818 942 HEN.
1841 900 1924 945 VI.
1989 902 2112 943 1454.

282 1006 500 1049 Noveritis
529 1007 716 1050 universi
746 1023 820 1063 per
855 1012 1069 1064 presentes
1103 1023 1180 1049 nos
1211 1007 1495 1050 WILLELMUS
1531 1006 1802 1049 STRADLYNG
1837 1008 2097 1065 armigerum
2132 1012 2175 1052 et

224 1097 256 1140 J
258 1112 483 1140 OHANNEM
520 1097 790 1140 STRADLYNG
825 1099 1033 1141 remisisse
1067 1099 1276 1140 relaxasse
1316 1101 1359 1140 et
1397 1113 1473 1153 pro
1513 1097 1635 1141 nobis
1674 1101 1717 1140 et
1755 1098 1980 1141 heredibus
2020 1099 2175 1142 nostris

226 1187 539 1243 imperpetuum
580 1188 773 1243 quietum
813 1188 1012 1230 clamasse
1053 1188 1267 1230 HENRICO
1307 1187 1578 1231 STRADLYNG
1618 1188 1828 1244 armigero
1868 1188 2093 1231 heredibus
2133 1191 2175 1231 et

227 1279 454 1335 assignatis
475 1279 560 1321 suis
584 1282 723 1321 totum
752 1279 823 1334 jus
853 1282 1046 1321 nostrum
1078 1279 1253 1321 titulum
1283 1282 1325 1321 et
1357 1280 1565 1321 clameum
1598 1294 1679 1334 que
1713 1279 1941 1322 habuimus
1972 1279 2177 1323 habemus

226 1384 299 1411 seu
318 1368 472 1411 habere
493 1369 724 1424 poterimus
744 1370 795 1411 de
817 1372 860 1411 et
879 1370 924 1411 in
945 1370 1133 1411 manerio
1153 1371 1206 1411 de
1227 1369 1620 1411 MERTHELMAURE
1643 1385 1738 1412 cum
1760 1371 2042 1425 pertinenciis.
2105 1370 2177 1413 Ita

226 1461 339 1515 quod
365 1475 441 1501 nec
466 1474 542 1502 nos
572 1459 729 1514 prefati
761 1458 1046 1503 WILLELMUS
1076 1463 1118 1501 et
1148 1459 1177 1502 J
1180 1474 1388 1502 OHANNES
1418 1475 1495 1502 nec
1524 1461 1631 1502 alter
1664 1464 1857 1503 nostrum
1890 1476 1968 1503 nec
2001 1461 2176 1504 heredes

225 1551 358 1593 nostri
379 1550 551 1606 aliquod
571 1550 642 1606 jus
662 1550 838 1592 titulum
858 1566 932 1593 seu
957 1551 1157 1592 clamium
1180 1551 1227 1592 in
1254 1551 1442 1606 predicto
1473 1551 1662 1594 manerio
1691 1567 1786 1594 cum
1806 1553 2079 1608 pertinenciis
2100 1554 2171 1595 de-

226 1645 361 1684 cetero
384 1642 553 1697 exigere
573 1642 753 1684 clamare
788 1657 861 1684 seu
893 1642 1115 1684 vendicare
1150 1643 1381 1697 poterimus
1411 1646 1474 1684 set
1505 1642 1558 1685 ab
1583 1644 1699 1685 omni
1729 1643 1896 1686 accione
1923 1643 2020 1699 jure
2048 1644 2176 1687 titulo

223 1736 266 1776 et
287 1733 446 1776 clameo
467 1733 567 1775 inde
593 1733 723 1775 simus
753 1733 911 1776 exclusi
942 1733 1256 1788 imperpetuum
1286 1749 1360 1789 per
1390 1738 1615 1789 presentes.
1676 1734 1738 1776 Et
1770 1750 1847 1777 nos
1883 1751 1981 1778 vero
2017 1736 2176 1792 prefati

224 1823 511 1867 WILLELMUS
532 1826 575 1866 et
594 1823 624 1866 J
627 1838 836 1865 OHANNES
857 1827 899 1865 et
919 1823 1092 1866 heredes
1112 1824 1246 1866 nostri
1266 1825 1503 1879 predictum
1522 1827 1761 1867 manerium
1782 1841 1878 1867 cum
1902 1826 2175 1881 pertinenciis

222 1915 388 1970 prefato
409 1914 624 1956 HEcho
644 1914 869 1957 heredibus
889 1918 931 1956 et
952 1915 1177 1970 assignatis
1198 1915 1283 1957 suis
1303 1919 1448 1957 contra
1469 1931 1613 1958 omnes
1634 1920 1783 1972 gentes
1805 1916 2174 1960 warantizabimus

221 2009 265 2048 et
296 2005 573 2048 defendemus
604 2006 931 2061 imperpetuum.
993 2005 1049 2047 In
1082 2005 1204 2061 cujus
1238 2007 1299 2048 rei
1337 2007 1628 2049 testimonium
1662 2006 1762 2050 huic
1796 2008 1981 2063 presenti
2016 2008 2172 2064 scripto

219 2100 363 2140 nostro
398 2097 539 2153 sigilla
573 2100 717 2139 nostra
749 2097 1033 2152 apposuimus.
1095 2096 1198 2139 Hiis
1229 2097 1407 2140 testibus
1439 2131 1447 2140 .
1474 2098 1731 2141 WILLELMO
1753 2098 1981 2141 HERBERT
2001 2099 2137 2142 milite
2158 2131 2171 2145 .

222 2186 410 2229 Roomo
431 2187 668 2230 VAUGHAN
698 2221 706 2229 .
740 2187 959 2230 JOHANNE
987 2187 1278 2230 FFLEMMYNG
1309 2221 1317 2230 .
1348 2188 1560 2231 ROBERTO
1592 2189 1783 2232 RAGLAN
1818 2223 1827 2232 .
1863 2189 1894 2233 J
1896 2204 2084 2232 OHANNE
2115 2205 2169 2246 ap

220 2277 380 2320 GRONo
401 2293 454 2333 ap
476 2277 624 2320 IUOUR
647 2312 654 2320 .
679 2281 722 2320 et
741 2278 848 2320 aliis.

274 2369 378 2411 Dat'
415 2371 530 2425 apud
562 2369 955 2411 MERTHELMAURE
985 2369 1219 2425 predictam
1252 2371 1435 2413 secundo
1468 2371 1536 2413 die
1572 2370 1601 2413 J
1603 2371 1696 2413 unii
1726 2386 1839 2414 anno
1878 2371 2002 2428 regni
2034 2372 2167 2429 Regis

217 2459 424 2502 HENRICI
445 2460 554 2502 sexti
574 2464 668 2516 post
690 2463 965 2515 conquestum
987 2461 1171 2502 ANGLIE
1192 2461 1402 2504 tricesimo
1423 2463 1618 2504 secundo.

275 2550 378 2594 Two
409 2552 516 2594 seals
545 2552 591 2593 in
620 2552 693 2594 red
725 2567 833 2603 WaX‚
855 2567 910 2594 on
941 2567 1021 2594 one
1051 2552 1174 2595 label.
1240 2552 1332 2596 The
1366 2569 1500 2610 upper
1533 2553 1654 2596 bears
1688 2569 1714 2596 a
1748 2554 1853 2596 rude
1888 2554 2031 2597 trefoil
2045 2570 2055 2607 ;
2093 2553 2167 2597 the

217 2642 346 2684 lower
367 2657 392 2684 a
410 2642 553 2684 bunch
574 2641 619 2685 of
640 2657 804 2699 grapes.
866 2642 997 2685 From
1027 2643 1316 2700 finger-rings.

275 2734 570 2777 Endorsed—‘
586 2734 812 2777 Relaxatio
873 2734 1085 2779 Willelmi
1142 2738 1186 2778 et
1239 2735 1269 2779 J
1275 2735 1454 2779 ohannis
1507 2735 1746 2792 Stradlyng
1800 2736 1915 2779 facta
1974 2736 2166 2779 Henrico

219 2825 459 2882 Stradlyng
479 2827 532 2868 de
553 2825 742 2868 manerio
763 2827 816 2868 de
836 2825 1203 2868 Merthermaure.'
