2362 3392
1991 232 2097 273 1871

1034 438 1340 482 MOOGXLV.

214 531 414 575 LEASE
447 531 569 574 FOR
600 529 817 573 THREE
848 529 1033 573 LIVES
1069 530 1156 573 BY
1186 530 1215 573 J
1219 530 1355 573 OHN
1389 529 1613 582 GRONO,
1651 529 1729 572 OF
1770 528 2156 579 KYTTHILLE

359 622 435 666 TO
472 621 734 665 JANKYN
766 620 1030 664 HOSKYN
1059 621 1193 664 AND
1230 620 1491 673 OTHERS,
1524 620 1602 663 OF
1633 620 1676 662 A
1707 619 2055 663 TENEMENT
2087 620 2159 662 IN

360 713 644 765 PENREIS‚
685 713 768 756 AT
809 712 853 755 A
892 712 1156 756 YEARLY
1197 712 1367 755 RENT
1409 712 1487 755 OF
1527 713 1603 764 8s.‚
1645 712 1748 755 ETC.

924 803 1154 860 [MARGAM
1197 803 1454 860 CHARTER.]

1209 895 1263 936 25
1302 895 1464 937 APRIL.
1527 895 1581 936 25
1616 893 1741 936 HEN.
1779 893 1914 937 VIII.
1981 894 2102 935 1533.

275 987 419 1029 Sciant
451 989 664 1042 presentes
700 989 741 1028 et
787 986 920 1027 futuri
956 986 1070 1040 quod
1106 1000 1184 1040 ego
1220 985 1249 1028 J
1251 999 1460 1027 OHANNES
1489 984 1648 1028 GRONo
1679 985 1731 1026 de
1762 983 2032 1026 KYTTH1LLE
2063 985 2161 1026 dedi

220 1079 398 1121 concessi
420 1081 463 1120 et
483 1079 538 1120 ad
569 1078 736 1120 firmam
767 1077 910 1119 dimisi
936 1076 966 1119 J
968 1075 1141 1118 ANKYN'
1171 1075 1380 1118 HOSKYN’
1403 1075 1432 1119 J
1435 1090 1623 1118 OHANNE
1657 1074 1924 1118 GEVELYNG'
1947 1075 2070 1117 uxori
2091 1089 2163 1117 sue

221 1173 263 1212 et
281 1170 310 1213 J
313 1183 499 1211 OHANNE
530 1167 560 1211 J
562 1167 719 1211 OSKYN'
742 1168 828 1210 filie
849 1168 1080 1210 eorundem
1100 1170 1392 1210 tenementum
1417 1182 1560 1209 meum
1581 1182 1677 1209 eum
1706 1170 1818 1208 terra
1839 1165 2011 1209 arrabili
2031 1167 2164 1222 pratis

221 1260 353 1303 boscis
382 1259 563 1316 pasturis
584 1262 626 1302 et
647 1259 777 1301 vastis
797 1274 893 1301 eum
914 1258 1110 1301 omnibus
1131 1259 1216 1300 suis
1236 1258 1505 1314 pertinentiis
1525 1258 1570 1300 in
1598 1257 1796 1313 parochia
1816 1258 1868 1300 de
1890 1257 2090 1300 PENREIS
2120 1259 2165 1300 in

223 1351 313 1393 loeo
333 1352 477 1393 vocato
501 1348 720 1392 GAWPYN'
744 1363 782 1391 1s
813 1348 966 1391 Ham
998 1351 1040 1390 et
1060 1349 1105 1390 in
1127 1348 1251 1391 feodo
1273 1349 1324 1390 de
1356 1348 1567 1390 PENREYS
1594 1348 1782 1404 predicta
1804 1350 1852 1390 ut
1872 1363 1948 1403 per
1968 1349 2165 1403 antiquas

224 1446 357 1484 metas
396 1445 438 1483 et
475 1440 640 1483 bundas
674 1439 832 1481 ibidem
865 1454 890 1481 a
923 1439 997 1481 diu
1030 1439 1219 1481 usitatas.
1281 1438 1545 1480 Habendum
1582 1442 1624 1481 et
1658 1439 1892 1481 tenendum
1928 1439 2165 1494 predictum

223 1535 513 1575 tenementum
548 1546 644 1573 oum
659 1534 690 1573 t.
718 1546 753 1573 a.
785 1546 825 1587 p.
845 1531 883 1573 b.
903 1546 943 1586 p.
964 1537 1003 1572 et
1029 1546 1067 1572 V.
1087 1546 1119 1572 e.
1154 1545 1189 1572 o.
1214 1545 1244 1572 s.
1268 1545 1307 1585 p.
1332 1530 1508 1586 prefatis
1536 1530 1578 1573 J.
1602 1529 1663 1572 H.
1690 1563 1699 1572 .
1722 1529 1764 1572 J.
1789 1529 1841 1572 G.
1865 1534 1905 1572 et
1928 1530 1970 1573 J.
1995 1530 2057 1573 H.
2080 1531 2166 1573 filie

226 1624 455 1666 eorundem
476 1624 529 1665 ad
549 1623 782 1666 terminum
799 1623 884 1665 vite
906 1637 1051 1664 eorum
1072 1626 1114 1664 et
1136 1636 1281 1663 eorum
1302 1621 1474 1663 alterius
1495 1621 1660 1663 diucius
1672 1621 1866 1663 viventis.
1931 1621 2167 1664 Reddendo

225 1715 325 1757 inde
347 1714 569 1756 annuatim
599 1713 765 1770 prefato
786 1713 815 1756 J
818 1727 993 1755 OHANNI
1018 1712 1174 1755 GRONO
1196 1712 1335 1754 hei-ed.
1360 1716 1401 1754 et
1425 1712 1580 1768 assign.
1604 1713 1689 1754 suis
1710 1715 1803 1754 oeto
1825 1712 1979 1754 solidos
2000 1713 2168 1754 sterlin-

227 1819 378 1860 gorum
419 1805 473 1846 ad
513 1805 622 1846 festa
663 1803 823 1846 Pasehe
861 1808 901 1845 et
943 1802 1088 1845 Sancti
1119 1802 1377 1844 MICHAELIS
1416 1802 1662 1859 archangeli
1698 1806 1740 1844 et
1775 1817 1853 1858 par
1886 1818 2094 1858 caponum
2127 1803 2172 1845 in

227 1893 416 1950 quolibet
447 1894 554 1936 festo
588 1894 628 1936 S.
670 1894 730 1936 M.
766 1894 821 1936 A.
856 1895 1037 1936 durante
1073 1893 1254 1935 termino
1290 1893 1479 1948 predicto
1501 1896 1542 1935 et
1568 1893 1777 1948 optimum
1802 1893 2032 1935 heriettum
2065 1894 2167 1935 dum

222 1984 414 2039 legitime
449 1985 646 2027 acciderit
679 2019 687 2027 .
721 1984 781 2026 Et
817 1985 994 2027 ulterius
1026 1984 1225 2040 predictis
1260 1983 1301 2026 J.
1332 1983 1373 2026 J.
1404 1985 1524 2026 uxori
1556 1999 1629 2026 sue
1665 1988 1707 2026 et
1743 1983 1784 2026 J.
1815 1984 1903 2026 filio
1937 1985 2168 2026 eorundem

225 2076 462 2131 predictum
490 2079 781 2118 tenementum
807 2091 902 2118 eum
930 2091 966 2117 O.
990 2090 1019 2117 s.
1043 2090 1082 2130 p.
1107 2075 1152 2116 in
1172 2075 1256 2116 fine
1277 2075 1379 2116 dieti
1399 2074 1572 2116 termini
1596 2074 1641 2116 in
1671 2074 1782 2117 bono
1810 2078 1925 2117 statu
1952 2075 2171 2117 dimittent

226 2170 301 2208 aut
336 2182 445 2208 unus
476 2181 620 2209 eorum
653 2167 852 2209 dimittet.
915 2165 975 2208 Et
1005 2166 1220 2221 predictus
1252 2165 1292 2208 J.
1326 2164 1377 2207 G.
1406 2169 1447 2207 et
1482 2165 1657 2207 heredes
1690 2165 1755 2208 sui
1785 2165 2024 2221 predictum
2053 2170 2168 2208 tene-

228 2262 422 2298 mentum
453 2272 548 2299 oum
579 2260 609 2299 t.
633 2271 669 2299 a.
700 2273 741 2313 p.
764 2257 804 2300 b.
827 2273 867 2313 p.
891 2261 932 2299 et
955 2272 992 2298 v.
1021 2271 1116 2298 oum
1148 2271 1183 2298 o.
1212 2271 1242 2298 s.
1276 2272 1317 2311 p.
1347 2256 1523 2311 prefatis
1549 2256 1592 2300 J.
1625 2256 1667 2299 J.
1701 2256 1824 2299 uxori
1852 2271 1924 2299 sue
1957 2260 1998 2299 et
2019 2256 2061 2299 J.
2084 2257 2170 2299 filie

229 2348 458 2389 eorundem
494 2348 549 2389 ad
579 2348 811 2390 terminum
847 2347 933 2389 vite
970 2361 1114 2389 eorum
1150 2351 1190 2387 et
1228 2361 1372 2388 eorum
1405 2347 1577 2388 alterius
1612 2346 1777 2388 diueius
1807 2347 1989 2389 viventis
2024 2355 2170 2390 eontra

230 2452 374 2480 omnes
404 2441 552 2494 gentes
582 2437 919 2480 warantizabunt
952 2440 994 2479 et
1028 2437 1258 2479 defendent
1289 2436 1334 2479 in
1366 2437 1499 2479 forma
1529 2438 1729 2493 predicta.
1793 2437 1849 2480 In
1879 2452 1912 2480 e.
1944 2453 1977 2480 r.
2011 2441 2040 2480 t.
2073 2438 2171 2480 huie

233 2529 415 2585 presenti
436 2529 588 2584 scripto
609 2544 702 2571 meo
724 2529 913 2585 sigillum
933 2542 1077 2570 meum
1098 2528 1286 2583 apposui.

287 2620 389 2662 Hiis
420 2620 598 2663 testibus
619 2653 629 2663 .
654 2619 843 2662 THOMAs
874 2618 1126 2661 FRAchEs
1149 2653 1156 2661 .
1181 2618 1403 2662 WILLIAM
1435 2618 1629 2662 SEMMER
1651 2653 1659 2662 .
1683 2619 1713 2663 J
1716 2619 1822 2662 HON'
1846 2619 1935 2662 LIA
1956 2623 1998 2662 et
2026 2621 2172 2663 multis

231 2711 338 2753 allis.

288 2803 453 2845 Datum
474 2802 588 2857 apud
618 2800 865 2842 SEWENSEY
885 2800 1081 2842 vicesimo
1113 2800 1262 2855 quinto
1294 2801 1362 2843 die
1382 2801 1538 2843 mensis
1560 2800 1724 2857 Aprilis
1745 2816 1857 2843 anuo
1884 2802 2007 2858 regni
2039 2802 2172 2858 Regis

232 2893 438 2936 HENRJCI
460 2890 597 2933 octavi
617 2894 712 2946 post
733 2893 1010 2945 conquestum
1031 2891 1227 2933 vicesimo
1249 2892 1412 2947 quinto,

291 2982 426 3025 Small
447 2982 599 3037 signet,
621 2981 695 3022 red
716 2995 823 3032 wax,
846 2995 871 3022 a
891 2981 1155 3025 fleur-de-lis.
