2362 3392
1861 267 1972 308 1983

911 470 1200 514 MOGOOHI.

78 565 454 613 QUIT-OLAIM
485 566 572 610 BY
597 567 626 610 J
630 567 765 610 OHN
797 568 879 611 AP
910 569 1086 612 HOEL
1116 571 1191 613 ΤΟ
1223 570 1324 613 ὃΙΒ,
1355 570 1612 614 THOMAS
1644 570 2025 614 sTRADLYNG

182 647 260 690 OF
291 648 493 692 RIGHT
525 649 597 693 IN
628 649 837 694 LANDs
868 651 1045 694 NEAR
1075 652 1207 695 THE
1238 653 1478 696 BRIDGE
1511 653 1589 696 OF
1620 653 1917 698 EWENNY.

933 741 1008 798 [Gr.
1033 741 1086 785 Gr.
1110 743 1186 800 F]

1234 827 1258 867 9
1290 826 1413 868 Mu.
1477 827 1502 868 2
1532 826 1660 868 Enw.
1694 826 1776 870 VI.
1841 827 1965 868 1548.

134 911 343 955 Omnibus
374 912 562 955 CHRISTI
593 911 790 957 fidelibus
821 916 876 957 ad
906 930 1011 971 quos
1031 931 1202 972 presens
1221 917 1426 972 scriptum
1446 918 1686 974 pervenerit
1705 918 1734 960 J
1737 932 1947 960 OHANNES
1968 932 2022 972 ap

74 1003 210 1045 Hom,
250 1004 303 1045 de
343 1003 571 1047 MOUNTON
614 1005 660 1047 in
702 1006 907 1048 comitatu
947 1005 1235 1049 GLAMORGAN
1276 1023 1504 1064 generosus
1545 1009 1726 1051 salutem
1765 1009 1812 1051 in
1851 1008 2023 1051 domino

71 1094 386 1150 sempiternam.
449 1095 670 1138 Noveritis
701 1111 768 1138 me
799 1096 1015 1152 prefatum
1044 1096 1074 1140 J
1077 1111 1301 1140 OHANNEM
1321 1099 1527 1141 remisisse
1556 1099 1766 1142 relaxasse
1787 1102 1830 1142 et
1850 1099 2025 1142 omnino

73 1199 150 1240 pro
180 1199 248 1227 me
278 1187 321 1227 et
350 1185 577 1228 heredibus
608 1187 713 1229 meis
742 1187 1058 1242 imperpetuum
1088 1189 1281 1243 quietum
1303 1190 1502 1232 clamasse
1522 1205 1597 1245 per
1617 1192 1831 1246 presentes
1851 1189 2018 1232 THOME

68 1274 339 1318 STRADLYNG
373 1276 506 1319 militi
546 1277 592 1319 in
635 1292 711 1320 sua
747 1278 874 1333 plena
910 1283 952 1320 et
988 1278 1162 1334 pacifica
1194 1281 1451 1335 possessione
1490 1280 1690 1323 existenti
1723 1280 1949 1323 heredibus
1983 1284 2025 1323 et

70 1366 295 1422 assignatis
333 1367 418 1409 suis
455 1367 772 1424 imperpetuum
804 1371 943 1411 totum
973 1369 1045 1424 jus
1074 1384 1218 1412 meum
1248 1370 1424 1413 titulum
1456 1372 1664 1414 clameum
1695 1372 1951 1414 demandam
1983 1375 2027 1413 et

71 1457 270 1500 interesse
292 1473 373 1513 que
405 1473 599 1514 unquam
619 1458 751 1501 habui
780 1459 914 1502 habeo
935 1475 1009 1502 seu
1030 1461 1304 1516 quovismodo
1336 1462 1381 1504 in
1403 1462 1599 1505 futurum
1619 1462 1773 1505 habere
1792 1465 1937 1518 potero
1958 1463 2026 1505 vel

71 1549 257 1605 poterint
292 1549 467 1592 heredes
501 1550 585 1592 mei
620 1551 672 1592 de
702 1554 744 1593 et
774 1551 820 1592 in
851 1566 937 1593 una
968 1551 1150 1606 parcella
1179 1556 1290 1594 terre
1311 1568 1408 1595 cum
1428 1553 1624 1596 omnibus
1644 1554 1731 1596 suis
1751 1553 2026 1609 pertinenciis

71 1642 199 1695 prout
237 1639 350 1696 jacet
393 1655 468 1696 per
509 1655 604 1682 suas
645 1641 844 1697 antiquas
878 1645 1014 1684 metas
1045 1645 1087 1684 et
1119 1642 1286 1686 bundas
1302 1644 1430 1699 juxta
1461 1647 1635 1699 pontem
1663 1646 1715 1687 de
1746 1645 1958 1687 EWENNY
1979 1645 2026 1687 in

70 1730 259 1773 dominio
280 1735 322 1773 et
343 1731 543 1786 parochia
567 1733 620 1774 de
642 1731 817 1774 COYTYF
848 1732 959 1775 inter
989 1733 1176 1776 rivulum
1197 1735 1249 1776 de
1278 1735 1487 1776 EWENNY
1508 1750 1560 1777 ex
1581 1751 1668 1778 una
1688 1739 1807 1791 parte
1827 1740 1870 1778 et
1890 1739 2023 1778 terras

71 1822 251 1877 predicti
282 1821 448 1864 ΤΗΟΜΕ
481 1821 752 1865 STRADLYNG
783 1823 934 1866 militis
963 1824 1120 1867 vocatis
1152 1825 1252 1867 ‘the
1283 1825 1440 1868 GRETE
1472 1826 1747 1868 FEYRFELDE
1767 1826 1777 1844 ’
1808 1843 1861 1870 ex
1891 1828 2025 1870 altera

70 1916 191 1968 parte
225 1912 386 1955 habens
421 1916 553 1955 terras
585 1913 812 1956 Enwmzm
846 1914 974 1957 GARN
1011 1915 1160 1958 militis
1192 1931 1244 1958 ex
1272 1932 1358 1959 uno
1388 1918 1519 1959 latere
1549 1921 1717 1960 vocatas
1750 1922 1759 1940 ‘
1776 1918 1850 1961 the
1870 1917 2024 1960 LYTLE

70 2003 348 2045 FEYRFELDE
368 2003 377 2021 ’
401 2007 444 2046 et
473 2004 640 2060 regiam
672 2005 788 2046 viam
819 2010 1011 2048 vocatam
1034 2006 1131 2048 ‘the
1162 2006 1419 2049 PORTEWAY
1438 2006 1448 2024 '
1470 2023 1523 2050 ex
1554 2008 1686 2051 altero
1719 2009 1863 2052 latere.
1932 2009 2029 2056 Que

73 2094 246 2150 quidem
265 2095 451 2150 parcella
471 2098 581 2138 terre
602 2111 738 2152 nuper
758 2096 841 2139 fuit
874 2096 1178 2140 CHRISTOFERI
1211 2097 1440 2140 TURBYLL'
1462 2099 1674 2155 armigeri.
1737 2099 1808 2142 Ita
1828 2100 2025 2144 videlicet

67 2187 181 2240 quod
202 2201 279 2227 nec
300 2201 378 2241 ego
399 2186 590 2241 prefatus
614 2186 643 2228 J
646 2201 856 2229 OHANNEs
877 2203 953 2229 nec
973 2188 1146 2230 heredes
1176 2190 1259 2231 mei
1287 2204 1424 2245 neque
1444 2190 1599 2245 aliquis
1619 2191 1727 2233 alius
1748 2207 1823 2247 per
1844 2207 1920 2234 nos
1940 2208 2015 2248 pro

68 2276 190 2320 nobis
220 2292 293 2319 seu
322 2277 496 2320 nomine
530 2281 674 2320 nostro
704 2278 877 2333 aliquod
906 2278 978 2334 jus
1007 2280 1183 2322 titulum
1203 2281 1460 2323 demandam
1479 2296 1553 2324 seu
1573 2281 1774 2325 interesse
1795 2284 1848 2326 de
1868 2291 1943 2326 aut
1972 2285 2018 2326 in

67 2367 258 2422 predicta
279 2368 462 2423 parcella
484 2371 592 2410 terre
615 2384 712 2410 cum
735 2369 930 2412 omnibus
949 2370 1034 2412 suis
1049 2371 1320 2426 pertinenciis
1335 2387 1471 2427 neque
1487 2374 1532 2414 in
1548 2373 1691 2428 aliqua
1711 2374 1811 2416 inde
1832 2376 2014 2430 parcella

68 2459 258 2501 decetero
289 2459 469 2501 clamare
504 2460 571 2501 vel
603 2460 825 2503 vendicare
847 2462 1079 2516 poterimus
1100 2477 1176 2503 nec
1197 2461 1398 2504 debemus
1418 2463 1693 2518 quovismodo
1714 2464 1759 2506 in
1789 2466 1983 2509 futurum
2006 2501 2015 2509 .

66 2547 150 2591 Sed
170 2549 222 2591 ab
243 2549 360 2592 omni
380 2550 544 2593 actione
564 2550 674 2606 juris
698 2551 814 2594 tituli
836 2552 984 2594 clamei
1014 2553 1223 2595 demande
1253 2556 1295 2595 et
1325 2554 1524 2597 interesse
1553 2555 1654 2597 inde
1684 2556 1814 2599 simus
1845 2558 2014 2612 penitus

65 2640 223 2681 exclusi
252 2639 566 2696 imperpetuum
598 2657 672 2697 per
702 2648 927 2697 presentes.
1004 2643 1064 2685 Et
1095 2659 1176 2700 ego
1196 2659 1294 2686 vero
1324 2645 1515 2700 prefatus
1541 2644 1571 2687 J
1573 2660 1782 2688 OHANNES
1802 2663 1855 2703 ap
1878 2648 2011 2691 Hom.

68 2731 109 2771 et
128 2729 302 2772 heredes
320 2730 404 2772 mei
434 2732 668 2786 predictam
690 2732 917 2787 parcellam
946 2738 1056 2776 terre
1076 2749 1172 2776 cum
1203 2734 1398 2777 omnibus
1428 2736 1514 2777 suis
1534 2737 1804 2791 pertinenciis
1823 2740 2013 2794 predicto

67 2818 232 2861 ΤΗΟΜΕ
254 2819 525 2863 STRADLYNG
558 2822 687 2864 militi
708 2823 934 2866 heredibus
954 2828 997 2866 et
1017 2825 1244 2881 assignatis
1280 2827 1366 2868 suis
1387 2831 1533 2869 contra
1554 2842 1698 2869 omnes
1720 2830 2011 2873 warantizabi-

69 2925 164 2952 mus
184 2914 226 2952 et
245 2911 559 2966 imperpetuum
580 2913 869 2956 defendemus.
932 2915 988 2957 In
1010 2915 1132 2971 cujus
1152 2917 1213 2958 rei
1229 2917 1520 2959 testimonium
1541 2917 1638 2960 huie
1654 2920 1839 2973 presenti
1860 2921 2015 2977 scripto

73 3014 165 3043 meo
186 3001 376 3057 sigillum
398 3017 541 3045 meum
561 3004 751 3059 apposui.
