2362 3392
365 253 474 294 1966

306 459 625 503 commoditates
645 458 933 501 emolumenta
952 460 995 499 et
1015 455 1354 498 hereditamenta
1374 458 1519 497 nostra
1535 468 1785 510 quecunque
1806 469 1901 496 cum
1921 453 2195 510 pertinenciis
2208 454 2256 496 in

307 550 518 593 HAwonE
535 565 562 592 Y
579 550 737 592 PORTH
756 582 765 591 .
783 548 1178 591 LLANVEGELLITH
1197 581 1205 589 .
1226 545 1446 588 TRISSENT
1463 549 1504 587 et
1526 545 1744 588 KENFIGE
1764 545 1964 600 predictis
1984 544 2097 586 dicto
2116 559 2254 601 nuper

307 641 561 684 monasterio
601 642 654 683 de
693 640 902 683 MARGAM
943 653 1112 694 quoquo
1144 638 1270 679 modo
1304 637 1543 691 spectancia
1574 636 1641 678 vel
1674 636 1936 692 pertinencia
1967 638 2043 677 aut
2077 639 2126 678 ut
2157 650 2253 692 par-

308 733 480 790 cella[s]
504 732 813 788 possessionum
833 745 907 772 seu
926 729 1226 772 revencionum
1247 728 1439 784 ejusdem
1468 742 1603 783 nuper
1623 727 1869 770 monasterii
1890 731 1990 770 ante
2010 728 2090 770 hac
2109 727 2257 770 habita

306 825 478 882 cognita
498 826 667 879 accepta
697 823 855 865 usitata
884 836 957 863 seu
987 823 1185 876 reputata
1205 819 1436 861 existencia
1469 853 1476 861 .
1511 818 1577 861 Ac
1610 819 1742 860 eciam
1764 833 1910 861 omnes
1930 822 1974 861 et
1993 819 2258 862 omnimodos

309 918 453 960 boscos
474 916 695 958 subboseos
715 918 758 957 et
779 913 946 956 arbores
966 914 1130 954 nostros
1147 924 1432 966 quoscumque
1453 910 1506 952 de
1527 909 1572 951 in
1593 913 1636 951 et
1657 924 1782 965 super
1801 909 1999 952 omnibus
2014 912 2057 952 et
2077 909 2259 966 singulis

308 1008 521 1064 premissis
561 1008 791 1049 crescentes
831 1007 873 1046 et
913 1004 1143 1045 existentes
1184 1016 1231 1043 ac
1271 1000 1408 1042 solum
1449 1003 1492 1042 et
1532 999 1719 1042 fundum
1768 1001 1998 1042 eorundem
2037 999 2258 1043 hoscorum

311 1099 607 1142 subboscorum
640 1101 681 1138 et
709 1095 908 1138 arborum
941 1129 948 1136 .
981 1094 1048 1135 Ac
1078 1092 1335 1134 reversiones
1366 1105 1652 1147 quascumque
1688 1091 1880 1133 omnium
1913 1093 1956 1133 et
1991 1091 2260 1147 singularum

309 1189 607 1246 premissorum
628 1185 820 1242 superius
836 1198 1127 1240 expressorum
1149 1187 1190 1226 et
1211 1182 1544 1238 specificatorum
1561 1196 1658 1223 cum
1673 1181 1946 1237 pertinenciis
1967 1185 2009 1224 et
2029 1181 2259 1238 cujuslibet

310 1283 409 1324 inde
429 1279 610 1337 parcelle
643 1313 651 1321 .
684 1277 863 1320 Necnon
884 1275 1077 1318 redditus
1107 1279 1149 1316 et
1181 1273 1384 1316 annualia
1414 1273 1600 1328 proficua
1621 1286 1884 1328 quecumque
1904 1276 2116 1315 reservata
2136 1288 2262 1329 super

309 1374 644 1430 quibuscumque
672 1366 988 1411 dimissionibus
1019 1370 1061 1408 et
1088 1363 1424 1408 concessionibus
1460 1365 1511 1405 de
1543 1363 1754 1419 premissis
1782 1366 1825 1406 et
1853 1364 1905 1405 de
1936 1363 2125 1419 qualibet
2159 1365 2261 1407 inde

308 1466 492 1523 parcella
516 1477 685 1519 quoquo
713 1461 838 1503 modo
870 1460 1009 1502 facta:
1043 1458 1166 1500 Adeo
1191 1457 1313 1512 plene
1346 1455 1478 1498 libere
1509 1461 1551 1497 et
1579 1456 1746 1511 integre
1774 1458 1901 1511 prout
1927 1455 2104 1498 ultimus
2130 1455 2261 1499 abbas

310 1558 411 1600 dicti
455 1570 588 1610 nuper
628 1552 871 1596 monasterii
912 1553 987 1592 aut
1027 1549 1181 1604 aliquis
1220 1548 1286 1589 vel
1328 1546 1460 1602 aliqui
1500 1547 1840 1601 predecessorum
1875 1561 2047 1589 suorum
2087 1547 2132 1589 in
2165 1546 2262 1602 jure

311 1664 446 1705 nuper
481 1644 727 1689 monasterii
766 1643 882 1685 illius
917 1644 990 1683 aut
1028 1640 1181 1695 aliquis
1221 1638 1330 1680 alius
1365 1638 1451 1679 sive
1485 1637 1619 1693 aliqui
1658 1637 1731 1679 alii
1767 1637 1957 1693 predicta
1990 1639 2181 1681 maneria
2215 1653 2264 1681 ac

312 1747 449 1783 cetera
475 1737 678 1794 premissa
715 1737 789 1777 aut
818 1733 1005 1788 aliquam
1036 1732 1137 1772 inde
1168 1729 1395 1786 parcellam
1432 1728 1611 1770 antehac
1642 1727 1846 1771 habentes
1878 1728 2139 1784 possidentes
2176 1729 2264 1771 sive

309 1832 544 1890 gaudentes
576 1841 764 1882 uuquam
800 1824 1043 1866 habuerunt
1076 1824 1307 1864 tenuerunt
1347 1820 1414 1861 vel
1447 1819 1583 1875 gavisi
1616 1819 1792 1860 fuerunt
1833 1817 1984 1861 habuit
2019 1820 2160 1862 tenuit
2192 1820 2261 1863 vel

309 1923 480 1981 gavisus
500 1920 585 1962 fuit.
607 1933 678 1960 seu
700 1916 853 1959 habere
875 1919 1017 1957 tenere
1040 1914 1105 1955 vel
1128 1913 1314 1969 gaudere
1342 1911 1581 1953 debuerunt
1609 1913 1683 1951 aut
1711 1909 1883 1952 debuit:
1917 1909 1977 1951 Et
2005 1911 2109 1953 adeo
2137 1911 2262 1966 plene

310 2016 440 2058 libere
472 2016 514 2055 et
540 2012 704 2066 integre
734 2023 781 2049 ac
809 2008 854 2049 in
875 2009 964 2048 tam
993 2004 1145 2059 amplis
1170 2003 1296 2045 modo
1319 2006 1360 2044 et
1389 2001 1527 2043 forma
1559 2003 1686 2056 prout
1710 2015 1759 2042 ea
1785 2000 1929 2042 omnia
1950 2003 1993 2042 et
2018 2000 2188 2057 singula
2209 2003 2263 2044 ad

312 2121 464 2149 manus
491 2106 656 2145 nostras
685 2100 853 2142 racione
884 2098 951 2139 vel
982 2099 1181 2152 pretextu
1217 2094 1440 2149 cujusdam
1471 2095 1589 2134 actus
1617 2092 1669 2133 de
1705 2091 1960 2146 quibusdam
1997 2093 2263 2136 monasteriis

314 2196 495 2241 abbatiis
519 2191 776 2250 prioratibus
807 2193 848 2231 et
880 2187 1075 2230 domibus
1101 2185 1309 2242 religiosis
1335 2183 1613 2226 dissolvendis
1649 2182 1694 2224 in
1727 2183 2010 2238 parliamento
2042 2189 2185 2227 nostro
2220 2185 2266 2227 in

317 2303 430 2332 anno
451 2285 574 2342 regni
590 2282 723 2325 nostri
745 2281 941 2322 vicesimo
958 2278 1138 2333 septimo
1159 2276 1274 2332 apud
1291 2274 1757 2317 WESTMONASTERIUM
1778 2276 1898 2315 tento
1919 2274 2023 2316 editi
2041 2277 2084 2316 et
2099 2275 2269 2330 provisi,

318 2384 392 2423 aut
420 2378 583 2421 ratione
611 2375 678 2417 vel
709 2375 907 2428 pretextu
933 2369 1115 2425 alicujus
1145 2371 1257 2409 carte
1285 2365 1387 2408 doni
1423 2364 1700 2407 concessionis
1736 2364 1802 2406 vel
1831 2364 2166 2408 confirmacionis
2195 2369 2272 2409 aut

324 2473 564 2527 aliquarum
587 2468 799 2509 cartarum
821 2464 1029 2505 donorum
1052 2476 1125 2503 seu
1142 2458 1456 2501 concessionum
1477 2471 1551 2511 per
1571 2456 1757 2511 aliquem
1778 2470 1851 2498 seu
1875 2470 1950 2511 per
1971 2456 2136 2512 aliquos
2156 2460 2274 2500 ante-

319 2565 398 2606 hac
427 2561 479 2602 de
506 2556 718 2615 premissis
748 2570 820 2597 seu
848 2555 901 2595 de
932 2553 1076 2608 aliqua
1105 2551 1205 2592 inde
1233 2548 1416 2605 parcella
1448 2546 1569 2589 nobis
1603 2562 1771 2602 quoquo
1799 2547 1924 2589 modo
1956 2546 2166 2590 factarum
2196 2551 2272 2591 aut

321 2654 464 2708 aliquo
486 2649 568 2691 alio
596 2647 722 2689 modo
746 2645 842 2700 jure
871 2659 944 2686 seu
969 2643 1096 2685 titulo
1125 2654 1391 2697 quocumque
1416 2639 1680 2680 devenerunt
1711 2652 1784 2678 seu
1813 2637 2011 2680 devenire
2032 2638 2272 2683 debuerunt

321 2761 368 2788 ac
388 2745 434 2786 in
454 2739 652 2784 manibus
671 2737 825 2780 nostris
845 2736 936 2791 jam
957 2735 1148 2777 existunt
1169 2748 1243 2775 seu
1264 2731 1443 2773 existere
1464 2728 1621 2771 debent
1641 2729 1708 2770 vel
1729 2727 1942 2771 deberent.

378 2834 439 2876 Et
460 2830 634 2874 alterius
654 2829 706 2870 de
727 2826 923 2882 ampliori
939 2825 1082 2882 gracia
1103 2827 1247 2866 nostra
1263 2823 1414 2864 damus
1435 2823 1477 2862 et
1497 2835 1572 2875 per
1591 2822 1806 2874 presentes
1822 2820 2090 2863 concedimus
2105 2821 2271 2877 prefato

324 2925 465 2967 Rmno
491 2917 770 2962 MAUNXELL'
800 2916 915 2959 infra
942 2915 1132 2971 predicta
1157 2912 1347 2955 maneria
1379 2909 1583 2967 grangias
1613 2908 1832 2965 mesuagia
1864 2913 1997 2952 terras
2028 2913 2274 2955 tenementa

327 3031 373 3058 ac
395 3016 531 3056 cetera
552 3009 754 3065 premissa
776 3011 817 3049 et
838 3007 883 3048 in
905 3005 1095 3062 qualibet
1114 3004 1216 3046 inde
1238 3001 1420 3058 parcella
1439 3004 1504 3042 tot
1525 3003 1648 3042 tanta
1668 2999 1773 3041 talia
1795 3000 1942 3042 eadem
1964 3000 2213 3057 hujusmodi
2233 3006 2276 3045 et
