2362 3392
1905 258 2014 300 1791

188 463 456 506 RICHARDUS
477 463 530 505 de
552 462 706 505 OLARE
727 477 865 505 comes
896 462 1219 505 GLOUCESTRIAE
1240 466 1282 505 et
1302 462 1560 504 HEREFORD
1582 463 1681 505 dedi
1700 466 1744 505 et
1763 464 1957 516 concessi,
1979 468 2072 517 etc„

126 554 308 597 ecclesiae
329 553 465 595 beatae
499 553 671 595 MAMAE
692 554 745 596 de
767 553 981 604 Momm,
1004 556 1069 596 ete
1073 587 1219 596 .....
1242 568 1375 596 unum
1397 553 1656 610 burgagium
1677 554 1722 596 in
1743 553 1874 597 Novo
1894 554 2069 608 Romo,

127 647 220 696 etc„
242 647 284 686 et
305 646 439 686 totam
470 658 738 686 communam
769 647 953 699 pasturae
982 644 1094 686 inter
1123 644 1309 686 KENFIG
1341 646 1384 686 et
1414 644 1607 686 OGMORE
1637 647 1737 686 ante
1767 645 1915 687 datum
1947 649 1989 688 et
2019 646 2072 688 de

126 736 208 778 117
229 735 334 778 acris
354 739 477 777 terrae
500 736 551 777 de
573 735 784 777 dominico
805 750 960 778 mensae
981 751 1087 778 meae
1108 735 1153 777 in
1175 735 1306 778 Novo
1337 736 1575 778 CASTELLO.

177 859 406 915 Inquisitio
436 861 559 914 capta
584 860 699 914 apud
721 858 896 901 CARDIF
917 860 963 901 in
984 860 1110 915 pleno
1132 860 1336 902 comitatu
1358 859 1658 912 GLAMORGAN‚
1682 862 1747 902 etc
1751 893 1931 903 ......
1955 875 2066 904 anno

119 950 256 1005 regni,
278 956 370 1000 etc.‚
393 948 621 991 EDWARm
653 948 745 991 III.
768 949 907 1002 tertio,
930 954 995 992 etc
1000 983 1178 992 ......
1202 966 1276 1006 per
1295 950 1588 1006 juramentum
1609 951 1665 992 24
1685 950 1881 992 videlicet
1902 951 2065 993 domini

119 1040 325 1083 HENmm
376 1041 428 1082 de
477 1040 765 1082 HUMFREVIL
816 1041 979 1083 domini
1029 1041 1254 1083 EDWARDI
1305 1041 1596 1084 STRADLINGE
1642 1042 1804 1084 domini
1849 1042 2066 1084 PH1L1PP1

118 1131 378 1183 ΕΒΕΜΙΝΘΕ,
412 1138 506 1183 eta,
538 1131 612 1186 qui
648 1131 797 1173 dicunt
833 1132 945 1187 quod
986 1132 1199 1187 predictus
1236 1132 1494 1175 GILBERTUS
1534 1134 1587 1175 de
1622 1132 1775 1174 OLARE
1796 1136 1918 1188 pater
1938 1134 2062 1176 dictae

117 1222 301 1265 dominae
342 1222 596 1264 ALIANORAE
618 1223 752 1264 dictos
781 1223 1009 1265 monachos
1039 1224 1091 1264 de
1121 1223 1324 1265 MORGAN
1355 1225 1407 1265 de
1438 1224 1562 1266 dictis
1591 1224 1714 1266 terris
1744 1227 1786 1266 et
1816 1224 1910 1266 aliis
1940 1224 2066 1280 ejecit

116 1313 324 1364 videlicet,
347 1316 439 1364 eto„
462 1316 504 1355 et
525 1314 577 1356 de
598 1314 780 1369 grangia
800 1314 845 1355 in
866 1329 984 1356 mora
1008 1314 1135 1369 juxta
1156 1313 1344 1366 GARmF,
1367 1318 1459 1367 etc.‚
1482 1318 1525 1356 et
1544 1315 1596 1356 de
1621 1329 1847 1357 communa
1878 1322 2064 1370 pasturae

115 1419 242 1459 quam
265 1419 360 1446 cum
381 1404 476 1446 aliis
495 1404 638 1446 liberis
657 1404 773 1446 illius
793 1405 942 1459 patriae
964 1404 1205 1447 habuerunt
1225 1405 1270 1446 in
1292 1404 1622 1447 KEVENCROEOR
1643 1408 1686 1447 et
1717 1406 1830 1448 idem
1865 1406 2063 1448 dominus

116 1495 374 1537 Ginssnnros
405 1498 628 1551 postquam
659 1495 750 1537 haec
779 1495 946 1537 fecisset
975 1495 1172 1538 liberavit
1203 1496 1327 1537 dictis
1357 1495 1498 1538 abbati
1531 1499 1573 1538 et
1603 1496 1831 1538 conventui
1852 1496 2061 1552 predictas

112 1588 245 1646 terras
276 1585 578 1641 suprascriptas
608 1586 817 1637 videlicet,
850 1592 914 1627 etc
919 1619 1065 1627 .....
1089 1590 1130 1627 et
1163 1586 1446 1628 MORGRAING
1478 1591 1520 1628 et
1549 1589 1766 1641 pasturam
1786 1587 1839 1628 de
1870 1586 2059 1628 KEVEN-

112 1691 284 1727 CRIBOR,
308 1680 372 1719 etc
377 1710 521 1719 .....
545 1677 779 1718 tenendum
800 1676 844 1717 in
867 1676 1057 1732 seperali,
1081 1683 1157 1718 etc.

172 1793 266 1835 Heo
297 1793 526 1835 indentura
557 1792 670 1835 facta
701 1808 812 1834 anno
845 1793 899 1834 34
931 1792 1157 1834 EDWARDI
1190 1792 1280 1834 III.
1304 1792 1415 1835 inter
1446 1792 1728 1835 RICHARDUM
1761 1792 2056 1835 TURBERVILE

109 1884 303 1936 militem,
345 1887 436 1936 etc.‚
474 1888 515 1926 et
555 1883 772 1939 religiosos
814 1884 935 1933 viros,
979 1887 1071 1935 etc„
1114 1884 1165 1925 de
1206 1883 1409 1925 MORGAN
1451 1898 1503 1925 ex
1543 1883 1676 1925 altera
1715 1886 1835 1938 parte
1874 1885 2055 1925 testatur

110 1977 223 2031 quod
259 1976 472 2031 predictus
509 1975 776 2017 Rmfflssnns
814 1974 1015 2016 concessit
1051 1989 1126 2029 pro
1160 1989 1214 2024 se,
1253 1978 1344 2021 etc,
1380 1974 1493 2029 quod
1529 1974 1706 2028 predicti
1741 1974 1825 2015 viri
1853 1974 2054 2029 religiosi,

109 2068 201 2117 etc.,
252 2066 296 2107 in
347 2068 600 2121 perpetuum
650 2064 836 2107 habeant
886 2064 1063 2106 liberam
1113 2068 1330 2119 pasturam
1381 2079 1506 2119 super
1555 2064 1785 2119 separalem
1836 2067 2054 2118 pasturam

106 2156 268 2213 s[u]am
300 2158 351 2198 de
381 2157 423 2198 la
454 2157 618 2199 RUGGE
650 2171 745 2212 quae
766 2159 940 2198 vocatur
966 2155 1296 2197 KEVENCRIBOR
1326 2156 1369 2197 in
1392 2155 1517 2197 feodo
1538 2156 1590 2196 de
1611 2155 1742 2197 Novo
1764 2154 1934 2197 CASTRO
1956 2171 2052 2197 cum

104 2247 236 2290 libero
257 2248 451 2304 ingressu
473 2250 515 2289 et
535 2262 704 2303 egressu
726 2248 780 2288 ad
802 2248 979 2289 eandem
1001 2248 1055 2288 ad
1076 2249 1237 2288 certum
1258 2261 1485 2288 numerum
1505 2246 1758 2288 averiorium
1779 2246 1976 2288 videlicet
1997 2247 2052 2288 ad

107 2340 161 2381 50
181 2339 308 2382 boves
329 2341 382 2381 30
405 2354 550 2381 vaccas
571 2340 625 2381 40
647 2338 862 2381 boviculos
885 2341 927 2379 et
956 2338 1159 2394 juvencas
1180 2353 1276 2379 cum
1296 2353 1382 2380 uno
1402 2337 1529 2380 flocco
1550 2338 1693 2379 ovium
1723 2340 1915 2380 morante
1938 2338 2050 2392 apud

104 2430 330 2486 grangiam
361 2431 413 2472 de
444 2429 733 2472 LANGEWITH
765 2432 807 2471 et
837 2429 966 2471 etiam
997 2429 1051 2470 ad
1083 2429 1136 2469 60
1177 2428 1318 2470 averia
1349 2431 1439 2470 tam
1467 2427 1595 2470 boum
1617 2443 1745 2483 quam
1765 2443 1985 2470 vaccarum
2009 2430 2051 2470 et

103 2520 376 2577 vitul[orum]
403 2536 499 2563 cum
520 2535 605 2563 uno
626 2520 752 2562 flocco
774 2520 917 2562 ovium
937 2523 1129 2561 morante
1150 2519 1197 2560 in
1218 2518 1399 2574 grangia
1420 2519 1472 2561 de
1502 2517 1685 2561 STORMY
1707 2521 1749 2560 et
1768 2518 1846 2560 hoc
1867 2518 2048 2574 singulis

102 2610 363 2666 temporibus
391 2610 495 2652 anni
526 2610 615 2652 sine
646 2609 950 2665 impedimento
981 2609 1047 2650 vel
1076 2609 1369 2650 molestatione
1399 2608 1597 2663 predictis
1624 2608 1726 2650 viris
1745 2608 1953 2664 religiosis
1981 2609 2049 2651 vel

102 2715 247 2743 eorum
268 2700 569 2743 successoribus
591 2700 814 2742 inferendo
835 2714 909 2754 per
930 2700 1110 2741 eundem
1132 2699 1439 2741 RICCHARDUM
1460 2698 1634 2741 heredes
1655 2699 1723 2741 vel
1744 2698 1982 2755 assignatos
2002 2699 2048 2741 in

101 2795 316 2846 posterum
337 2794 378 2832 et
400 2790 578 2846 predicti
598 2790 679 2832 viri
699 2789 886 2845 religiosi
908 2792 1212 2841 concesserunt,
1235 2793 1311 2832 etc.

158 2914 188 2957 J
190 2929 400 2957 oHANNEs
430 2929 567 2957 comes
596 2914 844 2956 MORETANI
875 2913 1070 2956 omnibus
1100 2913 1344 2957 hominibus
1376 2916 1418 2956 et
1454 2913 1598 2956 amicis
1629 2913 1714 2956 suis
1746 2912 1963 2955 FRANGIAE
2005 2915 2047 2955 et

100 3006 297 3047 ANGLIAE
317 3006 509 3048 salutem.
