2362 3392
1933 211 2044 252 1703

133 417 406 472 pertinentiis
449 416 622 472 exigere
664 417 732 459 vel
768 418 950 460 clamare
986 417 1189 461 debemus
1220 433 1297 460 nec
1331 417 1564 474 poterimus
1596 422 1659 460 set
1691 432 1766 473 per
1798 420 2013 474 presentes
2048 417 2102 460 ab

140 507 344 550 omnibus
364 508 606 550 accionibus
627 511 669 550 et
698 509 868 551 clameis
897 508 1006 564 juris
1035 509 1082 551 in
1115 509 1312 552 omnibus
1338 509 1440 551 locis
1472 508 1572 550 inde
1601 508 1733 551 simus
1760 509 1919 551 exclusi
1943 509 2100 564 imper-

139 601 324 654 petuum
345 605 486 653 preter
507 599 739 640 duodecem
759 600 856 641 den.
880 599 1071 642 redditus
1092 600 1317 641 annuatim
1337 600 1393 642 ad
1412 599 1508 642 fest.
1531 598 1574 641 S.
1593 599 1736 642 M1cn.
1759 602 1802 641 et
1817 602 1974 642 sectam
1990 599 2103 641 curie

136 703 228 731 mee
253 703 330 745 per
353 688 720 731 submonicionem
743 723 887 732 .....
912 691 1078 732 dierum
1099 694 1141 732 et
1161 705 1386 732 commune
1407 690 1618 733 herietum
1648 690 1695 732 in
1723 689 1845 733 obitu
1877 705 1952 732 suo
1985 690 2100 732 vide-

143 779 243 822 licet
277 779 430 822 melius
464 780 626 821 animal
659 780 693 822 si
720 780 885 823 habitet
915 796 1040 837 super
1072 781 1231 823 dictam
1261 783 1431 824 terram.
1492 781 1554 824 Et
1588 782 1624 823 si
1659 796 1746 823 non
1778 781 1945 824 habitat
1979 796 2105 837 super

143 871 302 914 dictam
327 876 484 913 terram
506 871 695 926 quinque
716 872 790 914 sol.
815 875 986 914 tantum
1018 888 1093 928 pro
1119 872 1316 915 omnibus
1349 872 1443 915 aliis
1470 873 1659 915 serviciis
1689 872 1946 916 secularibus
1979 873 2102 915 sectis

151 962 303 1004 wardis
333 962 573 1018 maritagiis
605 962 772 1004 releviis
808 963 1028 1019 serjanciis
1055 963 1281 1006 comorthis
1315 967 1359 1006 et
1394 963 1715 1020 quibuscunque
1749 964 1985 1006 domandis.
2046 963 2103 1005 In

145 1053 214 1110 cuj
220 1069 270 1096 us
292 1054 353 1096 rei
373 1053 667 1096 testimonium
688 1054 881 1110 sigillum
901 1069 1045 1097 meum
1065 1054 1165 1097 huic
1185 1055 1573 1110 quieteclamationi
1595 1058 1658 1098 est
1678 1070 1926 1111 appensum.

210 1145 377 1187 Datum
426 1145 542 1200 apud
592 1143 1005 1187 SCURLAGISCASTEL
1055 1145 1217 1188 decimo
1267 1146 1336 1188 die
1385 1145 1611 1189 Februarii
1652 1161 1764 1188 anno
1803 1146 1928 1202 regni
1971 1146 2105 1202 Regis

156 1235 384 1278 EDWARDI
415 1236 541 1278 tertio
573 1236 748 1278 decimo.

210 1327 446 1383 Imperfect
466 1327 566 1380 seal,
588 1342 720 1383 green
740 1341 847 1369 wax.
910 1327 954 1370 A
975 1327 1111 1369 shield
1133 1327 1177 1370 of
1198 1342 1323 1380 arms,
1347 1332 1358 1351 ⁶
1376 1328 1495 1371 three
1515 1328 1640 1371 bars.'

974 1551 1253 1595 MCOXXX.

145 1659 475 1704 NOTARIAL
512 1659 762 1703 REOORD
794 1660 881 1703 BY
910 1660 1113 1705 DAVID
1140 1660 1497 1713 LLANDAFF,
1533 1660 1721 1704 ALIAS
1756 1661 1838 1704 ΑΡ
1869 1661 2099 1714 MADOC,

289 1751 512 1804 oLERK,
564 1751 826 1794 NOTARY
876 1751 1122 1805 PUBLIO,
1185 1751 1263 1794 OF
1312 1752 1443 1795 THE
1495 1752 1900 1799 INQUISITION
1949 1752 2097 1795 POST

290 1842 558 1885 MORTEM
609 1843 687 1885 OF
738 1842 987 1886 ROBERT
1045 1842 1213 1887 VELE
1265 1843 1344 1886 OF
1402 1843 1913 1897 LYSWRONNYTH,
1964 1844 2099 1887 AND

290 1934 707 1981 SUBSEQUENT
743 1933 1180 1978 PROOEEDINGS
1211 1934 1534 1979 RELATIVE
1567 1935 1642 1978 ΤΟ
1672 1935 1802 1978 ΤΗΕ
1836 1935 2097 1978 TENURE

291 2025 369 2068 OF
415 2026 546 2069 THE
593 2025 819 2068 MANOR
866 2025 944 2068 OF
987 2024 1498 2068 LYSWRONNYTH.

920 2132 990 2189 [T.
1025 2133 1322 2190 FRANKLEN]

1179 2225 1205 2265 2
1237 2223 1366 2266 SEPT.
1429 2228 1456 2266 4
1486 2238 1539 2266 OF
1571 2224 1733 2267 SIXTUS
1765 2224 1845 2268 IV.
1912 2226 2035 2267 1474.

204 2331 260 2373 In
282 2331 365 2373 Dei
394 2331 566 2373 nomine
586 2331 742 2372 Amen.
806 2330 888 2373 Per
908 2345 1093 2386 praesens
1114 2330 1333 2386 publicum
1354 2331 1689 2374 instrumentum
1709 2333 1871 2375 cunctis
1891 2340 2096 2389 appareat

145 2423 363 2466 evidenter
393 2423 506 2477 quod
536 2437 648 2464 anno
679 2421 859 2464 Domini
889 2422 1114 2464 millesimo
1145 2422 1564 2479 quadringentesimo
1598 2424 1910 2479 septuagesimo
1943 2427 2094 2479 quarto

144 2514 376 2556 indictione
407 2517 555 2556 octava
584 2512 854 2568 pontificatus
885 2513 1138 2555 sanctissimi
1172 2513 1218 2554 in
1260 2512 1455 2555 CHRISTO
1495 2513 1628 2569 patris
1669 2529 1716 2556 ac
1757 2514 1919 2556 domini
1960 2515 2094 2557 nostri

145 2605 309 2646 domini
339 2604 465 2646 S1xT1
487 2603 634 2645 divina
654 2602 922 2658 providentia
944 2602 1075 2658 Papae
1097 2603 1238 2658 quarti
1260 2618 1373 2646 anno
1394 2607 1545 2659 quarto
1566 2604 1722 2646 mensis
1743 2604 2003 2660 Septembris
2023 2605 2092 2647 die

145 2696 329 2737 secunda
349 2694 395 2736 in
415 2695 542 2750 plena
563 2693 679 2735 curia
699 2694 814 2749 apud
843 2692 1064 2735 LANTWIT
1095 2694 1208 2736 dicta
1239 2696 1422 2737 secunda
1453 2695 1522 2737 die
1551 2698 1671 2737 tenta
1701 2710 1841 2737 coram
1871 2695 1900 2738 J
1903 2710 2090 2738 OHANNE

144 2786 372 2828 HERBERT
434 2785 691 2829 WILLELMO
748 2784 973 2826 RAGLAND
1035 2787 1077 2826 et
1133 2784 1360 2827 Lunovico
1412 2785 1636 2828 RAGLAND
1686 2764 2091 2829 locum-tenentibus

144 2876 402 2918 honorabilis
431 2876 512 2918 viri
542 2875 722 2918 THOMAE
762 2874 997 2917 VAUGHAN
1039 2876 1238 2932 armigeri
1279 2881 1381 2918 tunc
1420 2876 1578 2919 ibidem
1609 2877 1856 2919 seneschalli
1895 2878 2089 2920 admissae

145 2982 334 3025 personae
356 2968 514 3009 adtunc
534 2970 727 3008 tenentes
747 2966 985 3008 manerium
1016 2967 1068 3008 de
1098 2966 1386 3009 LYSWRONNY
1419 2968 1614 3010 videlicet
1645 2968 1673 3011 J
1677 2982 1887 3011 OHANNEs
1917 2968 2052 3011 HYLL
2077 3003 2085 3010 .
