2362 3392
1917 288 2030 329 2059

142 503 324 546 termino
352 504 438 546 vite
465 517 611 545 eorum
639 502 796 558 absque
825 501 1094 558 impeticione
1119 501 1227 543 vasti
1253 501 1305 541 de
1336 498 1589 554 capitalibus
1616 497 1799 540 dominis
1828 497 1945 540 feodi
1968 497 2084 539 illius

144 608 219 649 per
238 593 429 636 redditus
452 596 494 635 et
515 592 688 635 servicia
708 592 809 634 inde
836 592 953 647 prius
974 591 1119 634 debita
1140 594 1181 633 et
1203 591 1255 632 de
1279 591 1374 647 jure
1396 592 1608 632 consueta.
1669 588 1730 631 Et
1748 591 1843 644 post
1870 589 2085 631 decessum

143 683 428 740 predictorum
449 682 478 725 J
480 697 607 725 Acom
636 685 677 725 et
697 683 986 725 MARGARETE
1008 683 1121 738 quod
1141 685 1244 723 tunc
1269 681 1412 723 omnia
1431 681 1620 737 predicta
1639 681 1724 722 duo
1750 679 1961 736 burgagia
1991 693 2088 722 cum

143 774 414 832 pertinenciis
445 775 611 830 integre
640 777 889 816 remaneant
918 773 1143 816 heredibus
1169 774 1221 815 de
1258 771 1500 828 corporibus
1534 772 1820 828 predictorum
1854 771 1883 814 J
1887 785 2012 813 Acossl
2042 774 2085 813 et

143 865 431 908 MARGARETE
453 865 565 907 inter
585 880 654 908 eos
674 865 866 921 legitime
894 864 1121 920 procreatis
1147 865 1380 906 tenendum
1401 864 1454 906 de
1481 863 1732 919 capitalibus
1759 863 1941 906 dominis
1968 863 2084 905 feodi

141 956 256 998 illius
291 971 366 1011 per
399 956 590 998 redditus
626 959 668 997 et
708 955 881 997 servicia
912 955 1012 996 inde
1047 955 1164 1010 prius
1196 953 1340 996 debita
1371 957 1413 996 et
1445 955 1497 996 de
1528 954 1624 1010 jure
1660 957 1869 996 consueta.
1950 953 2012 996 Et
2051 954 2086 996 si

143 1047 364 1102 contingat
384 1046 593 1102 predictos
620 1046 649 1089 J
652 1060 829 1088 ACOBUM
851 1049 892 1088 et
919 1046 1247 1088 MARGARETAM
1268 1044 1383 1088 obire
1404 1045 1495 1087 sine
1522 1044 1749 1088 heredibus
1773 1046 1826 1087 de
1846 1045 2088 1101 corporibus

145 1151 291 1179 eorum
339 1136 532 1192 legitime
580 1136 807 1192 procreatis
858 1137 971 1192 quod
1019 1142 1122 1178 tunc
1172 1135 1315 1178 omnia
1362 1135 1552 1191 predicta
1601 1136 1686 1178 duo
1734 1135 1946 1192 burgagia
1995 1150 2091 1178 cum

146 1227 416 1283 pertinenciis
444 1227 610 1284 integre
643 1230 892 1270 remaneant
927 1227 1050 1270 rectis
1082 1226 1308 1269 heredibus
1343 1227 1447 1269 dicti
1481 1227 1510 1270 J
1513 1242 1639 1269 ACOBI
1683 1227 1904 1270 GRAUNTE
1935 1229 2088 1284 imper-

146 1321 325 1374 petuum
344 1319 579 1361 tenendum
600 1319 652 1361 de
668 1318 919 1374 capitalibus
940 1319 1123 1361 dominis
1148 1319 1262 1361 feodi
1281 1319 1399 1361 illius
1418 1334 1492 1375 per
1516 1319 1707 1362 redditus
1734 1323 1777 1362 et
1798 1320 1972 1362 servicia
1991 1320 2091 1363 inde

143 1410 260 1465 prius
287 1408 431 1452 debita
451 1412 493 1452 et-
521 1410 574 1452 de
597 1409 695 1465 jure
725 1412 935 1452 consueta.
999 1410 1054 1452 In
1076 1409 1199 1465 cujus
1226 1410 1286 1452 rei
1314 1410 1607 1452 testimonium
1634 1411 1734 1453 huic
1763 1412 1949 1466 presenti
1980 1414 2092 1454 carte

145 1504 287 1542 nostre
307 1500 529 1543 indentate
550 1500 692 1557 sigilla
714 1503 858 1543 nostra
878 1501 1165 1557 apposuimus.

204 1591 307 1633 Dat'
359 1592 474 1647 apud
526 1590 801 1633 GOWBRIDGE
853 1592 1015 1634 decimo
1067 1595 1185 1634 sexto
1236 1592 1304 1634 die
1353 1592 1600 1635 Decembris
1645 1609 1757 1636 anno
1797 1594 1920 1650 regni
1962 1594 2096 1651 Regis

145 1683 438 1725 ELIZABETHE
470 1682 551 1725 Dei
579 1683 720 1738 gratia
748 1685 931 1725 ANGLIE
956 1683 1163 1725 Famem
1194 1688 1235 1726 et
1262 1683 1504 1726 Hmmmm
1536 1684 1706 1741 Regine
1734 1686 1833 1728 fidei
1864 1686 2096 1729 defensoris

150 1777 227 1816 etc.
251 1774 415 1829 quinto.

206 1864 309 1907 Two
331 1865 450 1917 seals,
472 1865 577 1908 both
598 1866 693 1908 lost.

202 1955 497 1998 Endorsed—-‘
514 1954 612 1998 Hec
651 1958 767 1998 carta
807 1956 1031 1998 indentata
1073 1956 1260 2013 sigillata
1301 1960 1343 1999 et
1382 1957 1615 2001 deliberata
1655 1959 1740 2001 fuit
1789 1961 1834 2002 in
1884 1961 2100 2016 presencia

143 2046 355 2091 Willelmi
376 2046 556 2089 Present
599 2081 606 2089 .
650 2046 813 2089 Thome
852 2047 1077 2090 Praunche
1122 2082 1129 2088 .
1175 2047 1389 2092 Willelmi
1425 2048 1569 2092 Pieres
1601 2083 1609 2091 .
1651 2049 1825 2093 Ricardi
1846 2051 2032 2108 Hughes
2046 2054 2096 2096 et

147 2138 358 2181 afiorum?

206 2231 216 2252 ‘
234 2229 444 2272 Possessio
467 2232 509 2272 et
530 2230 684 2272 seisina
705 2231 806 2272 data
827 2231 957 2273 etiam
979 2231 1024 2272 in
1046 2231 1262 2286 presencia
1291 2232 1606 2287 predictorum.'

628 2321 696 2350 The
711 2324 930 2358 counter-part
944 2322 976 2350 of
992 2321 1057 2351 this
1072 2322 1152 2351 deed
1166 2322 1193 2351 is
1208 2322 1278 2351 also
1293 2323 1461 2359 preserved
1477 2323 1557 2352 with
1579 2324 1614 2352 it.

907 2494 1331 2539 MCOOGXXXVI.

488 2593 668 2636 DAME
718 2593 1083 2637 ELIZABETH
1133 2594 1438 2639 DENNYS’S
1488 2596 1517 2640 J
1520 2596 1750 2642 EWELS.

844 2693 1074 2750 [MARGAM
1116 2694 1373 2752 CHARTER.]

1395 2780 1484 2821 2nd
1504 2779 1607 2822 Feb.
1670 2781 1839 2824 5Emz.
1905 2784 2028 2825 1563.

194 2866 239 2907 A
258 2865 380 2907 Deed
399 2865 598 2921 whereby
619 2866 756 2909 Darne
775 2867 1040 2910 ELIZABETH
1061 2868 1264 2921 DENNYs,
1289 2869 1387 2912 wife
1408 2870 1453 2913 of
1472 2870 1541 2913 Sir
1568 2871 1794 2914 MAURYCE
1816 2872 2005 2916 DENNYs
2036 2875 2082 2918 of

141 2954 201 2996 St.
247 2955 277 2997 J
279 2954 411 2997 OHN's
449 2954 638 3008 STREET,
680 2957 726 2999 in
766 2961 925 3013 county
972 2958 1132 3010 Mum„
1175 2960 1282 3012 knt.,
1323 2961 1644 3018 acknowledges
1679 2962 1752 3005 the
1778 2965 1935 3020 receipt
1970 2966 2082 3009 from

142 3044 330 3087 THOMAs
351 3045 508 3088 CARNE
530 3047 574 3088 of
598 3047 783 3091 WENNY
815 3049 909 3103 (27.e.,
932 3049 1158 3105 EWENNY)
1184 3054 1342 3105 county
1371 3051 1534 3104 GLAM„
1556 3052 1673 3108 Esq„
1697 3054 1742 3096 of
1772 3058 1782 3076 ‘
1797 3070 1822 3097 a
1850 3056 2012 3112 cheyne
2040 3058 2086 3100 of
