2362 3392
1969 209 2080 250 1813

1037 415 1283 458 MGOOIX.

179 528 380 572 LEASE
413 528 499 572 BY
528 529 558 573 J
561 529 711 581 OHN,
743 529 950 573 ABBOT
982 531 1060 574 OF
1091 531 1382 583 MARGAM,
1430 531 1507 574 ΤΟ
1552 531 1761 575 JEVAN
1803 532 1886 575 AP
1928 533 2132 577 DAVID

323 620 406 663 ΑΡ
450 620 727 674 JANKYN,
770 621 1015 664 JONETA
1061 622 1230 665 VERZ
1279 621 1551 675 THOMAS,
1603 622 1711 666 HIS
1762 623 1947 674 WIFE,
1998 624 2132 667 AND

323 711 505 763 JOHN,
548 711 656 755 HIS
707 711 836 764 SON,
887 712 965 755 OF
1021 712 1251 756 TITHES
1307 713 1484 757 NEAR
1540 713 1760 757 FYNON
1816 714 2132 765 GATTUKE,

324 801 447 844 FOR
488 801 782 845 SEVENTY
821 802 1043 846 YEARS.

898 927 1129 985 [MARGAM
1162 928 1418 987 CHARTER.]

1296 1030 1319 1070 5
1341 1029 1460 1072 Auo.
1527 1031 1578 1072 10
1601 1030 1726 1073 ΗΕΝ.
1749 1030 1886 1074 VIII.
1951 1033 2076 1074 1518.

235 1143 332 1186 Hec
373 1145 601 1186 indentura
641 1144 755 1186 facta
796 1145 910 1199 apud
952 1144 1153 1186 Momm
1186 1145 1336 1200 quinto
1368 1146 1436 1188 die
1471 1146 1664 1203 Augusti
1694 1162 1807 1190 anno
1837 1148 1960 1204 regni
2003 1148 2136 1205 Regis

178 1236 383 1278 HENmm
425 1236 562 1278 octavi
603 1239 696 1291 post
737 1238 1013 1290 conquestum
1055 1236 1218 1278 decimo
1264 1237 1376 1279 inter
1426 1237 1685 1280 JoAHNNEM
1739 1239 1885 1282 GRUF'
1939 1239 2137 1283 abbatem

175 1327 422 1370 monasterii
452 1327 574 1369 beate
600 1327 760 1369 MARm
783 1327 963 1383 virginis
984 1328 1036 1368 de
1057 1327 1259 1369 Momm
1283 1333 1325 1370 et
1346 1329 1538 1384 ejusdem
1561 1330 1641 1371 loci
1673 1333 1906 1373 conventus
1937 1347 1988 1373 ex
2018 1336 2138 1388 parte

175 1433 261 1460 una
297 1422 340 1460 et
365 1417 393 1459 J
400 1432 519 1459 EVAN
550 1432 604 1472 ap
636 1417 791 1459 DAvm
823 1433 876 1473 ap
907 1417 936 1460 J
940 1432 1097 1460 ANKYN
1123 1451 1131 1460 .
1155 1418 1370 1461 JONETAM
1402 1435 1498 1462 verz
1519 1419 1703 1463 THOEAS
1737 1437 1912 1464 uxorem
1945 1438 2065 1465 suam
2098 1428 2141 1467 et

173 1508 432 1553 JOHANNEM
469 1524 522 1564 ap
553 1508 582 1551 J
585 1523 705 1550 EVAN
742 1509 880 1551 filium
917 1510 1149 1551 eorundem
1183 1525 1235 1551 ex
1269 1513 1388 1565 parte
1424 1512 1558 1553 altera
1590 1514 1772 1554 testatur
1806 1514 1921 1568 quod
1956 1515 2136 1570 predicti

174 1600 304 1643 abbas
337 1603 380 1642 et
410 1605 642 1642 conventus
672 1601 941 1642 tradiderunt
975 1605 1267 1643 concesserunt
1303 1606 1344 1644 et
1380 1603 1435 1643 ad
1471 1602 1638 1645 firmam
1672 1604 1925 1647 dimiserunt
1961 1606 2139 1662 prefatis

172 1692 201 1735 J
205 1707 325 1734 EvAN
351 1726 358 1733 .
383 1691 559 1734 JONETE
591 1692 713 1733 uxori
749 1707 822 1733 sue
863 1696 905 1733 et
945 1691 1154 1734 JOHANNI
1186 1693 1274 1734 filio
1305 1695 1536 1736 eorundem
1567 1698 1610 1736 et
1640 1696 1866 1751 assignatis
1906 1697 1991 1739 suis
2032 1699 2138 1740 duas

173 1783 378 1840 parcellas
418 1783 679 1825 decimarum
721 1782 951 1839 garbarum
992 1788 1118 1839 prout
1153 1785 1333 1839 predicti
1379 1786 1465 1839 (sie)
1512 1787 1693 1841 parcelle
1732 1787 1878 1843 jacent
1919 1803 1944 1830 a
1992 1791 2136 1845 regale

174 1875 243 1916 via
264 1890 345 1930 que
367 1875 520 1916 existet
554 1874 680 1929 juxta
718 1874 879 1916 FYNON
913 1873 1133 1916 GATTUKE
1165 1890 1298 1930 usque
1325 1876 1529 1919 rivullum
1562 1881 1758 1921 vocatum
1790 1880 1982 1922 OGMORE
2016 1881 2132 1923 vide-

172 1965 271 2008 licet
292 1980 378 2007 una
403 1966 456 2007 de
487 1965 687 2021 predictis
717 1965 913 2020 parcellis
942 1965 1055 2021 jacet
1087 1968 1200 2021 apud
1238 1966 1428 2009 PENvssy
1460 1971 1501 2010 et
1530 1967 1822 2012 TRERAUELL'
1853 1987 1934 2026 que
1960 1972 2133 2027 quidem

171 2057 358 2113 parcella
407 2057 593 2112 pertinet
645 2057 792 2098 domui
842 2061 1033 2099 sutorum
1084 2058 1248 2099 domini
1298 2057 1464 2100 abbatis
1513 2063 1555 2101 et
1605 2065 1838 2103 conventus
1888 2064 2133 2106 monasterii

169 2149 349 2205 predicti
391 2151 432 2190 et
474 2148 608 2190 altera
658 2148 841 2203 parcella
902 2148 1086 2203 pertinet
1127 2150 1182 2190 ad
1229 2149 1503 2192 subselariam
1545 2153 1833 2207 predictorum
1875 2154 2040 2197 abbatis
2090 2160 2131 2198 et

172 2242 404 2282 conventus
425 2239 671 2281 monasterii
693 2239 872 2294 predicti
892 2254 1028 2294 nuper
1049 2240 1094 2281 in
1125 2240 1322 2282 manibus
1352 2240 1634 2284 LLEWELLIN
1668 2243 1887 2286 WEYTHE.
1950 2245 2129 2289 Haben-

171 2331 276 2373 dum
309 2334 351 2372 et
386 2330 620 2372 tenendum
652 2330 862 2385 predictas
893 2331 999 2372 duas
1031 2331 1235 2386 percellas
1271 2332 1530 2375 decimarum
1566 2334 1795 2390 garbarum
1822 2351 1919 2378 cum
1949 2337 2130 2393 singulis

170 2422 257 2465 suis
285 2422 554 2478 pertinentiis
584 2420 762 2476 prefatis
790 2420 820 2463 J
823 2435 945 2463 EVAN
978 2436 1031 2476 ap
1065 2421 1220 2464 DAvm
1256 2438 1310 2478 ap
1338 2423 1529 2466 JANKYN
1562 2459 1570 2466 .
1604 2425 1633 2468 J
1636 2440 1780 2468 ONETE
1811 2442 1906 2469 verz
1937 2428 2128 2472 THOMAS

169 2513 313 2556 uxoris
338 2527 410 2554 sue
433 2515 475 2554 et
496 2512 525 2555 J
528 2526 705 2554 OHANNI
728 2512 816 2554 filio
838 2513 1069 2555 eorundem
1090 2513 1316 2556 heredibus
1347 2518 1388 2556 et
1419 2516 1644 2572 assignatis
1675 2518 1760 2560 suis
1790 2534 1816 2560 a
1843 2519 1948 2562 festo
1979 2519 2125 2563 Sancti

170 2605 430 2647 MIOHAELIS
464 2603 710 2659 archangeli
740 2604 931 2659 proxime
962 2603 1109 2646 futuro
1140 2608 1234 2660 post
1267 2606 1417 2649 datum
1452 2608 1715 2662 presencium
1746 2625 1879 2665 usque
1909 2612 1964 2653 ad
1995 2611 2124 2655 finem

169 2696 341 2739 termini
372 2698 413 2737 et
443 2710 518 2751 per
552 2695 785 2737 terminum
817 2695 1090 2751 septuaginta
1122 2711 1331 2739 annorum
1368 2700 1525 2740 extunc
1555 2700 1747 2754 proxime
1777 2703 2048 2756 sequencium
2083 2707 2126 2747 et

170 2787 358 2843 plenarie
380 2786 740 2841 complendorum.
803 2784 1040 2828 Reddendo
1061 2787 1161 2829 inde
1186 2789 1411 2830 annuatim
1441 2790 1616 2844 prefatis
1643 2790 1788 2834 abbati
1820 2795 1863 2835 et
1897 2796 2125 2837 conventui

168 2881 212 2920 et
232 2877 534 2920 successoribus
553 2877 640 2919 suis
667 2876 826 2918 x11s0¹m·
857 2876 1011 2918 solidos
1044 2884 1163 2920 ΠΗΟΓ·
1192 2879 1386 2922 denarios
1418 2895 1494 2936 pro
1529 2880 1721 2923 PENvEY
1757 2886 1799 2925 et
1831 2883 2123 2928 TRERAUELL'

168 2983 244 3025 pro
283 2969 492 3011 solutione
533 2969 588 3010 ad
629 2968 804 3009 domum
845 2969 1036 3010 sutorum
1066 2970 1312 3011 monasterii
1351 2972 1532 3027 predicti
1572 2976 1614 3015 et
1643 2974 1832 3030 quinque
1862 2976 2017 3019 solidos
2046 2992 2122 3033 pro
