2362 3392
205 261 316 303 1670

138 469 361 512 Rommo
397 467 628 510 RAGLAND
663 498 675 509 .
708 466 738 509 J
740 479 927 508 OHANNE
961 464 1188 507 FLEMYNG
1212 498 1220 506 .
1258 463 1288 506 J
1290 477 1477 506 OHANNE
1513 478 1568 520 ap
1601 463 1631 506 J
1633 477 1752 505 EVAN
1788 478 1842 519 ap
1877 462 2068 505 Tuoms
2091 495 2100 504 .

151 560 321 604 Tuom
344 559 573 602 FLEMYNG
596 592 604 600 .
627 557 657 600 J
659 571 848 599 OHANNE
870 557 923 598 de
943 555 1082 598 AUNE
1106 589 1114 598 .
1138 563 1181 598 et
1200 555 1348 598 multis
1369 555 1476 598 aliis.

202 652 369 694 Datum
402 651 518 705 apud
554 649 847 692 LESWRONNY
876 651 994 690 sexto
1029 647 1097 689 die
1127 646 1385 690 Novembris
1418 662 1531 689 anno
1563 647 1687 703 regni
1709 645 1844 702 Regis
1876 645 2105 688 EDWARDI

154 743 296 800 quarti
317 744 412 798 post
433 745 712 796 conquestum
734 740 897 795 quinto.

205 835 499 877 Endorsed-‘
523 832 711 875 Roberte
732 830 886 875 Velle.’

206 925 274 954 The
297 923 512 954 seventeenth
538 926 674 960 century
691 930 774 960 copy
791 922 824 950 of
839 921 906 950 this
921 920 1009 957 deed,
1025 920 1109 949 from
1129 919 1234 948 which
1248 919 1304 949 the
1325 920 1428 949 above
1443 919 1470 949 is
1485 919 1589 949 taken
1607 919 1762 957 (original
1778 918 1875 956 being
1891 918 1983 956 lost),
1998 918 2026 947 is
2048 917 2095 947 in-

157 985 279 1011 correct
295 981 329 1009 in
345 980 462 1018 places.
506 978 575 1008 The
589 979 811 1007 enumeration
827 978 859 1006 01⁸
876 976 931 1005 the
948 985 1081 1013 acreage
1096 985 1232 1014 appears
1248 976 1325 1014 only
1342 981 1377 1005 to
1392 983 1529 1005 account
1545 977 1596 1005 for
1612 976 1668 1012 80ss
1685 975 1812 1004 instead
1829 975 1862 1004 of
1878 976 1914 1004 81
1931 983 2028 1004 acres.

206 1037 393 1075 Lisworney
421 1044 557 1073 appears
583 1038 619 1063 to
640 1034 679 1064 be
702 1034 786 1072 spelt
808 1033 840 1062 in
865 1032 988 1062 several
1011 1041 1110 1070 ways.
1140 1031 1339 1070 Leswronny
1369 1032 1461 1061 looks
1484 1036 1569 1060 most
1591 1031 1656 1060 like
1679 1031 1735 1060 the
1757 1033 1887 1069 present
1910 1039 2015 1068 name,
2036 1029 2096 1058 but

160 1093 360 1131 Leswrunny
378 1101 523 1130 appears.

1008 1444 1264 1489 MCCXVI.

158 1558 383 1603 POWER
420 1556 499 1600 OF
529 1554 873 1599 ATTORNEY
913 1553 1001 1596 BY
1032 1552 1281 1596 ROBERT
1323 1552 1491 1596 VELE
1522 1551 1656 1594 AND
1694 1551 1802 1594 HIS
1844 1549 2113 1593 MOTHER

302 1649 378 1693 TO
412 1647 580 1692 JOHN
631 1646 712 1690 ΑΡ
761 1645 970 1689 JEVAN
1010 1644 1093 1687 ΑΡ
1138 1643 1395 1686 THOMAS
1438 1643 1573 1685 AND
1615 1641 1909 1685 WILLIAM
1961 1640 2109 1684 ΒΑΘ-

300 1740 476 1784 LAND
516 1738 592 1782 TO
637 1737 810 1780 TAKE
850 1735 1057 1779 SEISIN
1097 1735 1176 1778 OF
1215 1733 1582 1778 MESSUAGES
1613 1733 1748 1776 AND
1790 1732 1998 1776 LANDS
2039 1731 2112 1774 IN

302 1829 698 1875 LISWORNEY.

933 1901 1006 1959 [T.
1043 1899 1339 1957 FRANKLYN]

1320 1993 1346 2032 7
1377 1990 1495 2032 Nov.
1559 1992 1584 2031 5
1617 1990 1744 2032 Enw.
1778 1989 1860 2032 IV.
1926 1990 2051 2030 1465.

214 2105 428 2148 Noverint
462 2103 648 2146 universi
684 2117 759 2158 per
792 2105 1022 2158 praesentes
1053 2115 1129 2141 nos
1162 2099 1405 2142 ROBERTUS
1437 2098 1567 2142 VELE
1604 2099 1864 2154 armigerum
1897 2097 2035 2139 filium
2074 2099 2116 2138 et

161 2197 374 2240 haeredem
403 2196 432 2239 J
435 2209 636 2238 OHANNIS
656 2194 787 2237 VELE
811 2197 853 2235 et
874 2192 1076 2234 ALICIAM
1097 2190 1226 2233 VELE
1259 2205 1396 2246 nuper
1422 2205 1598 2232 uxorem
1623 2188 1860 2246 [praedicti]
1886 2188 1914 2231 J
1918 2202 2118 2230 OHANNIS

160 2293 393 2332 attornasse
435 2290 478 2329 et
517 2287 563 2328 in
605 2286 696 2328 loeo
738 2287 882 2327 nostro
925 2283 1111 2339 posuisse
1151 2281 1409 2324 ‹IOHANNI-:M
1451 2296 1504 2336 ap
1545 2281 1574 2324 J
1578 2295 1699 2323 EUAN
1749 2295 1803 2336 ap
1845 2280 2035 2322 THOMAS
2075 2282 2118 2322 et

163 2380 464 2424 WILLELMUM
486 2378 713 2420 RAGLAND
735 2379 969 2418 attornatos
996 2377 1160 2416 nostros
1181 2372 1444 2428 conjunctim
1465 2378 1506 2414 et
1528 2373 1700 2414 divisim
1720 2373 1774 2413 ad
1795 2372 2044 2414 intrandum
2075 2374 2118 2412 et

165 2473 219 2514 ad
239 2472 411 2527 plenam
433 2473 476 2512 et
495 2468 713 2525 pacificam
734 2466 1037 2523 possessionem
1054 2467 1095 2507 et
1117 2464 1314 2506 seisinam
1331 2464 1420 2505 vice
1442 2468 1484 2506 et
1505 2463 1677 2505 nomine
1698 2466 1842 2505 nostro
1863 2462 2118 2517 capiendum

167 2565 219 2605 de
252 2566 294 2605 et
328 2562 374 2603 in
410 2560 575 2603 duobus
605 2557 856 2614 messuagiis
877 2560 919 2599 et
942 2556 1159 2611 octoginta
1181 2560 1222 2597 et
1243 2570 1330 2596 una
1351 2555 1457 2596 acris
1477 2558 1602 2596 terrae
1623 2554 1735 2610 prati
1757 2557 1798 2595 et
1818 2556 2002 2609 pasturae
2022 2566 2119 2594 cum

168 2652 437 2710 pertinentiis
475 2651 521 2693 in
561 2649 851 2692 LESWRONNY
891 2662 986 2703 quae
1022 2646 1281 2688 Lunovmvs
1315 2646 1540 2687 RAGLAND
1575 2660 1711 2700 nuper
1740 2644 1881 2686 tenuit
1917 2644 1968 2685 de
1999 2642 2121 2684 nobis

171 2745 402 2787 secundum
423 2741 772 2785 consuetudinem
791 2738 972 2781 manerii
992 2741 1035 2780 et
1054 2741 1149 2793 post
1170 2737 1358 2792 quietam
1382 2736 1659 2778 intrationem
1681 2735 1838 2777 factam
1859 2737 1902 2776 et
1923 2733 2121 2776 seisinam

172 2840 213 2878 et
245 2833 547 2891 possessionem
582 2831 756 2874 nomino
791 2832 935 2872 nostro
970 2831 1138 2883 captam
1172 2828 1227 2869 ad
1267 2826 1592 2869 deliberandum
1631 2826 1804 2881 plenam
1845 2825 2043 2867 seisinam
2078 2826 2122 2866 et

171 2927 389 2983 pacificam
429 2923 729 2981 possessionem
778 2921 878 2963 inde
919 2920 1056 2962 eidem
1106 2918 1339 2961 LUDOVICO
1384 2917 1625 2960 haeredibus
1671 2922 1714 2960 et
1762 2916 1988 2973 assignatis
2035 2915 2122 2958 suis

174 3018 405 3060 secundum
437 3016 525 3058 vim
565 3015 747 3057 formam
780 3015 822 3055 et
855 3011 1052 3053 effectum
1085 3010 1306 3066 cujusdem
1346 3014 1472 3052 cartae
1515 3012 1670 3051 nostrae
1709 3008 1944 3050 indentatae
1984 3007 2123 3049 eidem
