2362 3392
1931 235 2040 277 1769

156 446 384 502 parcellam
407 448 519 489 terre
538 448 729 489 vocatam
757 445 971 488 CADOGAN
994 445 1128 488 LAND
1149 445 1257 488 sicut
1276 445 1389 500 jacet
1407 459 1482 500 per
1501 443 1699 499 antiquas
1718 445 1853 485 metas
1873 445 1916 485 et
1934 441 2101 484 bundas

156 536 203 579 in
232 536 429 593 parochia
459 537 511 579 de
552 536 598 579 N
599 536 889 579 EWCASTELL’.
952 536 1218 579 Habendum
1248 540 1291 579 et
1329 536 1564 579 tenendum
1597 534 1832 590 predictam
1870 532 2098 589 parcellam

148 631 258 670 terre
283 642 380 670 cum
406 627 679 683 pertinenciis
707 627 873 683 prefato
902 627 932 670 J
934 642 1112 669 OHANNI
1140 627 1365 670 heredibus
1386 629 1429 669 et
1459 626 1685 682 assignatis
1711 625 1796 667 suis
1817 624 1871 666 ad
1893 624 2022 666 finem
2052 625 2094 665 et

156 718 390 761 terminum
439 718 676 774 nonaginta
725 733 878 760 novem
928 733 1136 761 annorum
1186 723 1341 760 extunc
1390 717 1581 773 proxime
1630 715 1902 771 sequencium
1952 715 2103 756 datum

158 808 433 864 presencium.
516 807 753 851 Reddendo
785 809 885 850 inde
919 808 1143 850 annuatim
1177 808 1354 864 prefatis
1384 807 1529 850 abbati
1558 809 1600 849 et
1630 806 1858 849 conventui
1885 808 1928 847 et
1960 819 2105 847 eorum

160 898 462 941 successoribus
483 898 639 955 viginti
666 898 822 941 solidos
843 898 1144 954 sterlingorum
1166 900 1386 941 solvendos
1405 900 1461 941 ad
1480 898 1640 941 festum
1670 896 1816 939 Sancti
1846 895 2106 938 MicHAEms

159 989 404 1046 archangeli
436 992 618 1032 tantum.
681 989 741 1031 Et
772 989 806 1031 si
835 990 1056 1045 contingat
1082 990 1244 1031 dictum
1274 990 1490 1031 redditum
1522 987 1677 1044 viginti
1709 979 1938 1029 solidorum
1968 988 2105 1027 aretro

161 1093 249 1122 esse
278 1079 513 1122 insolutum
543 1080 588 1121 in
619 1084 738 1135 parte
775 1080 841 1121 vel
871 1080 916 1121 in
949 1082 1038 1122 toto
1070 1095 1144 1135 per
1174 1080 1424 1135 quindecem
1455 1079 1544 1121 dies
1575 1081 1669 1134 post
1698 1077 1933 1134 predictum
1977 1077 2107 1118 finem

162 1170 207 1212 in
243 1185 326 1225 quo
366 1170 472 1212 solvi
506 1170 658 1213 debeat
690 1175 792 1212 tunc
827 1169 933 1212 bene
972 1170 1116 1212 licebit
1152 1170 1329 1226 prefatis
1363 1169 1507 1213 abbati
1540 1173 1583 1211 et
1618 1168 1844 1211 conventui
1879 1170 1922 1210 et
1962 1175 2108 1209 eorum

162 1260 466 1304 successoribus
495 1261 541 1303 in
569 1261 682 1304 dicta
709 1261 893 1317 parcella
924 1264 1034 1304 terre
1063 1261 1317 1317 distringere
1347 1264 1389 1303 et
1420 1261 1704 1303 districciones
1734 1259 1793 1301 sic
1823 1261 1966 1314 captas
1995 1258 2111 1300 licite

165 1354 378 1406 asportare
408 1351 601 1408 effugare
622 1356 665 1394 et
694 1367 821 1407 penes
852 1367 894 1394 se
923 1352 1105 1394 retinere
1136 1352 1268 1394 donec
1295 1353 1348 1393 de
1368 1351 1556 1407 predicto
1577 1350 1749 1393 redditu
1770 1364 1866 1392 cum
1887 1348 2110 1405 arreragiis

166 1441 284 1497 sique
304 1442 466 1484 fuerint
486 1442 674 1497 plenarie
687 1442 849 1485 fuerint
865 1442 1070 1484 satisfacti
1086 1446 1129 1484 et
1144 1443 1358 1498 persoluti.
1423 1443 1480 1484 Et
1496 1442 1530 1484 si
1546 1442 1666 1484 nulla
1679 1441 1887 1484 sufficiens
1903 1439 2112 1482 districcio

166 1533 212 1574 in
243 1533 433 1587 predicta
458 1533 641 1589 parcella
673 1537 783 1576 terre
811 1535 863 1575 de
890 1533 1012 1576 bonis
1044 1534 1146 1576 dicti
1175 1533 1205 1576 J
1207 1548 1406 1575 OHANN1s
1436 1548 1511 1589 pro
1541 1533 1712 1575 redditu
1745 1535 1881 1574 aretro
1906 1531 2114 1573 existente

167 1624 352 1666 insoluto
372 1639 448 1679 per
475 1624 717 1680 quindecim
745 1624 835 1666 dies
864 1628 958 1680 post
985 1624 1146 1666 dictum
1175 1624 1333 1666 festum
1360 1624 1542 1666 inveniri
1569 1623 1724 1679 poterit
1745 1623 1811 1665 vel
1839 1623 1953 1678 quod
1974 1622 2113 1664 dictus

169 1715 199 1757 J
201 1729 411 1757 OHANNES
431 1714 606 1757 heredes
627 1719 668 1757 et
690 1715 896 1771 assignati
929 1716 992 1757 sui
1021 1715 1225 1758 feloniam
1246 1715 1531 1757 commiserint
1552 1715 1618 1757 vel
1646 1714 1867 1757 dominum
1893 1713 2112 1755 disclama-

168 1806 318 1857 verint,
340 1809 442 1848 tunc
462 1806 628 1848 licitum
650 1807 704 1848 sit
724 1807 902 1862 prefatis
923 1806 1066 1849 abbati
1088 1810 1129 1849 et
1151 1806 1379 1849 conventui
1395 1810 1438 1848 et
1458 1805 1760 1848 successoribus
1781 1804 1866 1846 suis
1885 1804 1931 1845 in
1953 1804 2115 1845 dictum

170 1898 396 1952 parcellam
436 1900 545 1939 terre
589 1912 686 1939 cum
725 1897 997 1953 pertinenciis
1036 1897 1241 1940 reintrare
1278 1905 1319 1940 et
1351 1897 1397 1939 in
1430 1897 1609 1953 pristino
1651 1899 1765 1939 statu
1806 1910 1879 1938 suo
1920 1894 2113 1944 retinere,

169 1987 435 2043 presentibus
455 1988 694 2030 indenturis
715 2003 801 2030 non
818 1988 1094 2030 obstantibus.
1150 1987 1208 2030 Et
1225 1988 1438 2043 predictus
1459 1987 1701 2030 JOHANNES
1722 1985 1928 2028 TURBILL
1943 1985 2119 2026 heredes

171 2083 213 2121 et
239 2079 445 2133 assignati
470 2079 535 2120 sui
563 2093 707 2121 omnes
735 2093 854 2134 cepes
879 2093 961 2133 que
991 2078 1075 2131 (sic)
1102 2078 1233 2120 fossas
1260 2078 1445 2133 predicte
1473 2078 1652 2133 parcelle
1676 2080 1786 2119 terre
1818 2075 2039 2118 fossabunt
2076 2077 2117 2116 et

172 2168 471 2212 sustentabunt
499 2168 738 2225 sumptibus
767 2169 851 2211 suis
878 2169 1070 2224 propriis,
1132 2169 1192 2211 Et
1217 2169 1395 2224 predicti
1423 2168 1551 2210 abbas
1582 2171 1623 2210 et
1650 2171 1881 2210 conventus
1908 2171 2117 2208 eteorum

172 2275 425 2303 successores
460 2260 692 2315 predictam
734 2260 961 2315 parcellam
1001 2263 1111 2302 terre
1151 2275 1246 2301 cum
1287 2260 1373 2301 suis
1413 2259 1682 2315 pertinenciis
1711 2257 1878 2313 prefato
1909 2257 1939 2300 J
1941 2270 2118 2299 OHANNI

172 2351 377 2394 TURBILL
423 2350 648 2393 heredibus
689 2354 731 2393 et
771 2351 995 2407 assignatis
1037 2351 1122 2393 suis
1155 2354 1299 2393 contra
1339 2365 1483 2392 omnes
1517 2352 1665 2405 gentes
1698 2347 2035 2390 warantizabunt
2075 2348 2117 2387 et

172 2442 484 2498 imperpetuum
525 2441 816 2484 defendebunt
856 2442 942 2496 (sio)
987 2457 1060 2497 per
1092 2445 1315 2497 presentes.
1379 2441 1433 2483 In
1470 2440 1592 2496 cujus
1623 2440 1684 2481 rei
1718 2438 2009 2481 testimonium
2041 2436 2118 2478 uni

167 2533 277 2587 parti
307 2532 439 2588 hujus
477 2533 705 2574 indenture
735 2547 862 2587 penes
895 2532 1133 2587 predictum
1165 2531 1195 2574 J
1197 2546 1421 2574 oHANNEM
1452 2531 1690 2574 remanenti
1720 2529 1876 2586 prefati
1907 2527 2035 2570 abbas
2065 2531 2109 2570 et

171 2626 402 2666 conventus
443 2623 632 2678 sigillum
673 2638 797 2665 suum
838 2623 1116 2665 conventuale
1155 2626 1443 2679 apposuerunt
1485 2656 1493 2664 .
1532 2622 1654 2664 alteri
1696 2636 1794 2663 vero
1834 2619 1946 2675 parti
1987 2631 2116 2673 penes

176 2715 383 2770 predictos
413 2713 611 2756 abbatem
639 2717 679 2756 et
714 2717 969 2756 conventum
998 2713 1236 2756 remanenti
1263 2713 1476 2769 predictus
1505 2712 1534 2755 J
1537 2725 1748 2754 OHANNES
1779 2709 1968 2766 sigillum
1997 2722 2121 2749 suum

178 2805 384 2860 apposuit.

234 2895 398 2938 Datum
417 2895 464 2937 in
485 2896 610 2938 domo
630 2899 773 2938 nostro
795 2895 1019 2952 capitulari
1040 2896 1235 2939 vicesimo
1256 2896 1324 2938 die
1355 2895 1463 2938 Maii
1483 2909 1595 2936 anno
1615 2892 1739 2949 regni
1760 2890 1893 2947 Regis
1914 2889 2121 2932 memm

181 2986 317 3028 octavi
337 2986 486 3041 primo.

382 3125 468 3159 9w
