2362 3392
377 200 488 242 1960

316 407 586 448 ANGLchNE
617 409 660 448 et
690 406 954 448 HIBERNICE
985 406 1170 461 supremi
1192 406 1341 461 capitis
1371 422 1396 448 a
1425 411 1659 462 conquestu
1689 407 1900 451 tricesimo
1921 408 2100 464 septimo
2119 424 2260 454 coram

314 498 344 540 J
348 512 536 540 OHANNE
567 497 878 539 PAKYNGTONE
909 497 1119 553 armigero
1143 496 1378 552 justiciario
1399 500 1442 540 et
1471 498 1566 541 aliis
1587 498 1751 541 domini
1783 499 1916 555 Regis
1943 499 2140 544 fidelibus
2160 503 2262 544 tune

315 588 474 631 ibidem
504 588 770 644 presentibus
795 588 907 630 inter
936 587 1105 630 ΤΗΟΜΑ
1133 602 1186 643 ap
1212 587 1242 630 J
1244 602 1366 630 EVAN
1388 603 1442 644 ap
1463 588 1656 631 HOELLE
1676 593 1923 645 querentem
1947 593 1990 633 et
2018 590 2263 635 RICARDUM

317 679 472 722 DAVID
500 694 554 735 ap
583 679 785 721 HOPKYN
815 682 858 721 et
888 678 1171 721 KATERINAM
1193 694 1369 722 uxorem
1390 679 1428 736 ej
1438 694 1484 722 us
1504 684 1547 722 et
1578 679 1808 723 GRIFFITH
1829 695 1883 737 ap
1904 681 1997 724 RES
2017 696 2072 738 ap
2092 682 2266 726 HENRY

314 775 356 814 et
390 771 589 813 ELENAM
629 785 806 813 uxorem
846 770 941 827 ejus
980 770 1260 813 deforeiantes
1296 771 1348 812 de
1383 770 1549 813 duabus
1584 771 1775 827 partibus
1810 772 1938 814 unius
1971 774 2181 830 mesuagii
2214 775 2261 818 in

314 862 503 918 quinque
523 864 664 917 partes
684 861 818 903 devisi
839 860 970 903 trium
998 876 1191 903 acrarum
1221 864 1331 903 terre
1356 861 1581 904 duodecim
1611 876 1804 904 acrarum
1834 863 1945 918 prati
1973 865 2260 921 quadraginta

318 967 511 995 acrarum
543 955 713 1007 pasture
749 951 960 994 sexdecim
995 966 1188 994 acrarum
1215 951 1328 994 bosci
1360 955 1402 994 et
1434 952 1658 1008 sexaginta
1688 967 1881 995 acrarum
1913 953 2190 1011 jampnorum
2221 961 2265 1000 et

316 1046 465 1087 bruere
486 1058 582 1086 cum
604 1043 872 1099 pertinentiis
899 1044 944 1085 in
973 1043 1190 1086 LLANGON
1198 1058 1255 1085 ΕΙ)
1276 1044 1390 1086 unde
1410 1044 1615 1100 placitum
1639 1045 1934 1088 convencionis
1959 1048 2265 1091 summonitum

315 1136 398 1179 fuit
418 1136 530 1178 inter
551 1150 619 1177 eos
639 1135 685 1177 in
707 1135 855 1177 eadem
876 1135 992 1177 curia
1012 1135 1170 1178 scilicet
1198 1136 1311 1191 quod
1338 1135 1518 1190 predicti
1541 1134 1772 1177 RICARDUS
1793 1138 1836 1178 et
1856 1135 2103 1180 KATERINA
2124 1138 2262 1182 Grmr-

316 1241 425 1268 FITH
447 1233 490 1268 et
510 1225 672 1267 ELENA
694 1229 1032 1282 recognoverunt
1052 1225 1260 1281 predictas
1281 1228 1421 1281 partes
1443 1228 1485 1267 et
1505 1230 1751 1269 tenementa
1771 1241 1868 1270 cum
1888 1228 2157 1283 pertinentiis
2176 1245 2264 1273 esse

307 1318 379 1373 jus
399 1316 531 1373 ipsius
559 1315 725 1358 ΤΗΟΜΕ
747 1319 796 1358 ut
816 1316 911 1358 illas
927 1331 1031 1371 quas
1053 1316 1167 1358 idem
1190 1315 1378 1358 THOMAs
1399 1316 1527 1359 habet
1549 1317 1601 1358 de
1624 1317 1735 1359 dono
1757 1318 2044 1373 predictorum
2065 1319 2261 1363 Rmmm

316 1413 358 1451 et
389 1408 635 1451 KATERINE
666 1406 898 1450 GRIFFITH
927 1411 968 1449 et
990 1407 1150 1449 ELENE
1172 1410 1215 1449 et
1235 1407 1330 1449 illas
1351 1407 1604 1449 remiserunt
1625 1412 1667 1450 et
1688 1408 2192 1463 quietum-clamaverunt
2212 1412 2265 1454 de

313 1499 415 1556 ipsis
452 1499 655 1542 RICARDO
689 1502 730 1540 et
772 1498 1019 1540 KA'rEmNA
1063 1498 1292 1541 GRIFFITH
1329 1502 1370 1540 et
1416 1498 1573 1540 ELENA
1610 1502 1653 1541 et
1689 1499 1915 1542 heredibus
1950 1500 2037 1543 suis
2076 1503 2265 1558 predicto

317 1590 483 1633 Tuom
505 1595 548 1632 et
568 1589 794 1632 heredibus
815 1590 901 1632 suis
923 1590 1251 1645 imperpetuum.
1287 1589 1346 1632 Et
1363 1593 1554 1645 preterea
1566 1589 1697 1632 iidem
1716 1590 1947 1634 RICARDUS
1962 1595 2005 1634 et
2020 1591 2266 1636 KATERINA

318 1681 548 1725 GRIFFITH
570 1685 613 1723 et
634 1681 795 1724 ELENA
818 1685 1111 1724 concesserunt
1123 1696 1199 1737 pro
1213 1696 1255 1723 se
1270 1687 1312 1723 et
1334 1680 1559 1723 heredibus
1575 1681 1763 1736 ipsarum
1785 1681 2029 1725 KATERINE
2050 1687 2093 1726 et
2105 1683 2266 1727 ELENE

316 1775 430 1829 quod
454 1773 535 1829 ipsi
567 1771 911 1814 warantizabunt
943 1772 1131 1827 predicto
1160 1771 1328 1813 Tuom:
1366 1774 1408 1813 et
1440 1771 1666 1814 heredibus
1702 1773 1787 1814 suis
1819 1773 2028 1829 predictas
2058 1778 2198 1830 partes
2228 1780 2272 1819 et

317 1868 562 1908 tenementa
591 1879 687 1906 cum
718 1863 988 1919 pertinentiis
1020 1868 1166 1905 contra
1200 1878 1346 1905 omnes
1377 1863 1569 1905 homines
1599 1863 1925 1919 imperpetuum.
1987 1864 2049 1908 Et
2080 1881 2156 1922 pro
2190 1867 2269 1910 hac

317 1955 607 2012 recognitione
628 1954 873 1997 remissione
890 1953 1309 2009 quieta-clamatione
1323 1953 1529 1995 warantis.
1549 1953 1634 1995 fine
1654 1958 1695 1996 et
1709 1955 1930 1996 concordia
1944 1955 2058 1998 idem
2079 1956 2268 2000 THOMAS

318 2048 438 2090 dedit
458 2046 636 2102 prefatis
658 2046 862 2088 RmARno
885 2044 1130 2087 KATERINE
1149 2044 1378 2087 GRIFFITH
1396 2048 1438 2086 et
1455 2043 1615 2086 ELENE
1631 2045 1788 2101 viginti
1809 2044 1939 2088 libras
1952 2047 2264 2105 sterlingorum.

378 2138 673 2181 Endorsed—‘
689 2136 936 2179 Deliberata
956 2150 1031 2191 per
1052 2135 1426 2190 proclamationem
1449 2135 1683 2176 secundum
1704 2134 1886 2177 formam
1907 2137 2087 2179 statuti.²

1142 2308 1453 2352 MCCCXCII.

322 2411 684 2456 REVERSION
734 2410 869 2454 AND
923 2409 1123 2452 LEASE
1174 2408 1297 2451 FOR
1347 2407 1565 2450 THREE
1615 2408 1800 2452 LIVES
1851 2408 1938 2451 BY
1981 2410 2084 2453 SIR
2125 2412 2271 2456 RIUE

467 2493 795 2546 MANXELL,
852 2493 1014 2545 KNT„
1075 2492 1151 2535 ΤΟ
1220 2491 1388 2535 JOHN
1452 2490 1638 2534 VOSSE
1703 2491 1838 2534 AND
1899 2491 2145 2538 OTHERS
2197 2495 2274 2539 OF

471 2575 853 2620 TENEMENTS
919 2574 1166 2618 OALLED
1232 2574 1362 2617 THE
1434 2573 1718 2626 COLOOTT,
1777 2574 1858 2617 AT
1913 2575 2130 2631 SLADE,
2200 2579 2272 2623 IN

471 2658 746 2703 OXWICH.

1041 2731 1274 2788 [MARGAM
1307 2730 1564 2787 CHARTER]

1314 2815 1366 2856 12
1400 2815 1582 2856 MARCH.
1646 2815 1701 2856 37
1732 2814 1858 2857 HEN.
1891 2815 2026 2859 VIII.
2090 2818 2214 2861 1546.

376 2916 481 2959 This
509 2917 738 2958 indenture
769 2916 893 2958 maed
925 2915 998 2958 the
1027 2916 1133 2957 xum
1164 2916 1274 2970 daye
1307 2914 1352 2957 of
1385 2914 1560 2956 Marche
1593 2915 1638 2957 in
1664 2914 1737 2957 the
1767 2916 1964 2958 xxxerth
1994 2932 2094 2971 yere
2126 2918 2171 2960 of
2201 2918 2274 2962 the

320 3009 469 3064 raigne
490 3007 535 3050 of
559 3022 636 3050 our
657 3022 892 3063 souerayne
912 3007 1006 3050 lord
1030 3007 1203 3049 HENRY
1225 3005 1298 3048 the
1318 3005 1437 3061 eight
1457 3004 1517 3060 by
1538 3005 1611 3048 the
1641 3020 1767 3061 grace
1799 3005 1844 3047 of
1875 3005 1971 3048 Grod
1991 3008 2037 3049 of
2064 3006 2273 3052 INGLOND
