2362 3392
1905 288 2018 331 2075

128 492 183 534 de
212 494 256 534 et
283 491 330 534 in
361 491 556 534 omnibus
586 494 768 547 quatuor
797 507 912 535 acras
942 496 1075 536 terras
1103 491 1283 535 arabiles
1312 494 1355 535 et
1385 495 1580 549 pasturas
1609 492 1752 537 boscos
1781 493 2004 538 subboscos
2031 498 2074 538 et

129 585 250 626 vasta
278 597 375 624 cum
405 596 551 625 eorum
580 582 849 638 pertinentiis
877 583 1112 640 vulgariter
1141 585 1289 626 vocata
1319 583 1485 626 duobus
1515 599 1631 627 acras
1661 585 1706 627 in
1737 584 1891 629 PLEMs
1911 585 2004 629 PYT
2034 588 2078 630 et

128 673 307 715 alteram
339 686 479 715 acram
508 672 555 715 in
587 671 694 715 ΚΑΥ
725 687 785 715 YR
817 672 944 716 ΤΑΥΕ
979 673 1114 718 VACH
1149 677 1192 716 et
1231 673 1459 717 dimidium
1492 674 1621 717 unius
1660 690 1754 719 acre
1784 675 1831 718 in
1869 675 1938 719 LE
1971 676 2078 720 ΚΑΥ

132 762 367 806 CATERING
387 762 613 805 YORRATH
635 766 677 806 et
699 763 881 807 alterum
902 763 1129 807 dimidium
1149 764 1277 807 unius
1297 779 1391 807 acre
1421 764 1468 807 in
1498 764 1567 807 LE
1597 764 1704 808 KAY
1737 799 1745 808 .
1779 800 1788 809 .
1823 799 1832 808 .
1866 800 1875 809 .
1908 767 1937 810 J
1940 782 2034 810 OHN
2067 800 2077 811 .

129 853 318 910 jacentes
339 856 382 896 et
401 853 630 897 existentes
648 854 763 896 infra
778 853 995 897 libertates
1011 857 1054 897 et
1074 854 1348 897 ffranchesias
1363 855 1462 898 ville
1480 856 1532 898 de
1549 855 1796 899 KENFFIEG
1813 856 1859 899 in
1875 857 2080 901 comitatu

130 944 319 1000 predicto
339 958 414 1000 per
433 947 568 987 metas
588 947 632 987 et
651 944 812 987 bondas
833 945 919 987 illis
940 945 994 988 ab
1014 945 1192 1001 antiquo
1213 945 1419 988 limitatas
1450 948 1492 989 et
1523 947 1716 1003 cognitas
1748 980 1757 989 .
1789 947 1861 990 Ita
1881 947 2078 992 videlicet

131 1036 245 1090 quod
265 1050 342 1078 nec
363 1049 442 1091 ego
461 1035 653 1091 prefatus
673 1035 704 1078 J
706 1049 931 1077 OHANNEM
957 1036 1044 1091 (sic)
1069 1035 1277 1079 NYcoLAs
1299 1051 1376 1079 nec
1396 1036 1572 1079 heredes
1592 1037 1677 1079 mei
1697 1052 1776 1080 nec
1796 1038 1950 1094 aliquis
1971 1038 2080 1082 alius

132 1140 208 1181 pro
228 1124 350 1168 nobis
371 1128 445 1168 aut
465 1126 638 1168 nomine
658 1128 802 1168 nostro
823 1126 994 1182 aliquod
1010 1126 1081 1183 jus
1096 1127 1274 1169 titulum
1291 1127 1499 1170 clameum
1519 1129 1777 1171 demandam
1793 1131 1868 1171 aut
1882 1129 2083 1173 interesse

133 1216 186 1259 de
206 1219 249 1258 et
268 1216 314 1258 in
336 1216 532 1259 omnibus
552 1217 752 1273 predictis
782 1219 966 1272 quatuor
995 1232 1112 1260 acras
1142 1220 1276 1261 terras
1307 1218 1488 1261 arabiles
1518 1221 1561 1261 et
1589 1221 1783 1275 pasturas
1813 1219 1957 1263 boscos
1987 1220 2083 1264 sub-

132 1306 276 1349 boscos
306 1309 349 1349 et
378 1309 497 1349 vasta
527 1321 576 1349 ac
606 1310 742 1350 cetera
772 1307 974 1364 premissa
1005 1323 1101 1350 cum
1132 1323 1277 1351 eorum
1317 1310 1590 1365 pertinenciis
1630 1325 1707 1353 nec
1735 1310 1782 1353 in
1812 1311 1956 1367 aliqua
1985 1311 2086 1354 inde

134 1396 318 1453 parcella
338 1398 530 1440 decetero
561 1398 730 1454 exigere
761 1399 942 1441 clamare
971 1414 1046 1441 seu
1075 1399 1300 1442 vendicare
1329 1400 1562 1456 poterimus
1591 1416 1669 1444 nec
1698 1401 1901 1445 debemus
1930 1403 2003 1446 sed
2034 1402 2088 1446 ab

131 1487 249 1529 omni
279 1487 446 1530 accione
475 1487 585 1544 juris
615 1488 732 1530 tituli
763 1488 971 1531 clameum
1005 1489 1262 1531 demandam
1293 1493 1335 1532 et
1374 1490 1574 1533 interesse
1604 1491 1705 1534 inde
1744 1492 1916 1548 penitus
1955 1493 2087 1535 simus

130 1577 290 1620 exclusi
311 1581 354 1620 et
374 1577 562 1634 quilebet
597 1579 682 1632 (sic)
718 1582 911 1622 nostrum
942 1580 1135 1622 exclusus
1164 1580 1218 1623 sit
1249 1580 1564 1637 imperpetuum
1595 1597 1670 1638 per
1699 1586 1915 1638 presentes
1945 1583 2087 1640 sigillo

134 1684 228 1713 meo
249 1670 450 1726 sigillata.

188 1760 354 1803 Datum
369 1761 483 1816 apud
500 1758 745 1802 KENFFIEG
762 1760 1001 1816 predictum
1018 1769 1167 1804 xx11J0·
1190 1762 1367 1805 menssis
1387 1762 1417 1805 J
1419 1762 1498 1819 ulij
1518 1779 1630 1806 anno
1646 1764 1770 1821 regni
1786 1763 2087 1807 ELIZABETHE

130 1849 213 1893 Dei
246 1851 389 1908 gracia
420 1850 606 1894 ANGLIE
645 1884 655 1894 .
690 1852 924 1895 FFRANcm
960 1855 1003 1895 et
1036 1851 1277 1894 HIBERNIE
1321 1853 1491 1910 Regine
1532 1855 1646 1897 ffidei
1688 1855 1948 1908 deffensoriS‚
1991 1858 2089 1909 etc.‚

131 1941 293 1984 decimo
315 1945 481 1997 quarto,
503 1957 618 1985 anno
639 1942 817 1985 Domini
843 1944 967 1986 1572.

188 2031 286 2074 Seal
316 2047 341 2074 a
361 2035 457 2074 hart
487 2048 542 2075 on
573 2048 598 2075 a
629 2038 715 2085 twa,
738 2033 929 2076 between
963 2033 1036 2075 the
1066 2033 1208 2075 initial
1235 2033 1382 2076 letters
1413 2038 1423 2056 ‘
1441 2033 1479 2076 I.
1506 2034 1651 2092 [H.],'
1673 2035 1803 2092 being
1834 2051 1858 2077 a
1887 2036 2012 2079 rebus
2032 2051 2087 2079 on

126 2123 200 2164 the
221 2137 345 2165 name
367 2123 412 2165 of
441 2123 514 2165 the
534 2124 617 2166 last
638 2124 887 2166 mentioned
909 2124 1097 2166 witness.

184 2213 690 2257 Endorsed—‘Seasson’
713 2218 756 2257 et
775 2214 1022 2271 possession'
1045 2214 1266 2257 deliberat'
1298 2215 1385 2258 fuit
1414 2215 1460 2258 in
1490 2216 1707 2272 presencia
1737 2216 1860 2259 Raris
1891 2217 2082 2260 THOMAs

123 2303 323 2346 MELLEN
356 2337 365 2346 .
400 2304 522 2347 REEs
560 2304 750 2347 THoMAs
779 2321 833 2362 ap
863 2306 893 2349 J
898 2319 1019 2347 EUAN
1052 2339 1060 2348 .
1094 2304 1272 2347 HOELL'
1305 2303 1494 2348 THOMAs
1527 2339 1536 2349 .
1572 2306 1762 2349 PHELEP
1794 2307 1824 2350 J
1828 2321 1959 2350 EUAN
1993 2341 2002 2351 .
2035 2323 2083 2351 ac

128 2409 197 2436 me
217 2393 246 2437 J
249 2409 473 2437 OHANNEM
505 2395 745 2438 HARTTON.

626 2486 694 2516 The
711 2486 805 2516 Latin
822 2487 854 2516 of
870 2487 935 2516 this
950 2487 1028 2516 deed
1043 2487 1069 2516 is
1085 2496 1162 2526 very
1179 2491 1311 2526 corrupt
1325 2489 1389 2518 and
1406 2489 1570 2519 incorrect.
