2362 3392
1858 252 1968 293 1953

78 455 167 504 and
196 455 452 510 rewardyng
482 469 527 496 as
556 456 600 496 to
630 468 738 508 your
767 451 982 494 habilities
1012 453 1098 494 and.
1127 452 1239 507 good
1270 452 1493 495 devocions
1523 453 1632 495 shall
1662 456 1844 498 extende
1865 456 2026 500 wherin

78 559 164 600 you
186 544 295 586 shall
314 545 369 586 do
390 559 415 585 a
436 544 547 599 good
568 544 675 585 dede
696 544 782 585 and
811 542 1010 598 obteigne
1040 546 1181 598 meryt
1211 542 1256 584 of
1286 542 1510 599 almightie
1543 542 1651 596 God,
1683 546 1902 601 provyded
1931 546 2027 590 that

74 634 207 677 theise
227 649 304 677 our
324 635 468 677 lettres
489 634 706 690 placardes
730 633 829 675 take
850 633 976 675 effect
997 634 1083 675 and
1102 632 1154 675 be
1176 633 1221 675 of
1251 633 1334 675 full
1354 634 1584 690 straynght
1603 635 1732 677 untill
1754 636 1827 679 the
1852 636 1962 679 feast
1982 637 2029 680 of

75 725 254 767 EASTER
274 728 379 767 next
403 739 635 780 oommyng
655 725 741 766 and
761 739 817 766 no
838 724 1002 780 longer.

133 815 283 858 Yeven
303 816 440 857 under
460 830 537 857 our
558 815 699 871 signet
719 818 764 856 at
780 829 856 856 our
873 818 1012 857 towne
1033 814 1078 856 of
1098 814 1339 858 WRIXHAM
1360 814 1434 857 the
1455 815 1633 857 XXVIJffi·
1653 817 1739 871 day
1761 816 1805 858 of
1825 816 1933 873 May
1954 817 2027 861 the

79 906 268 948 xxxvsffl·
291 921 392 961 yere
414 905 459 948 of
489 921 566 948 our
586 907 746 962 reigne.

1254 963 1358 1004 And
1378 962 1444 1005 his
1465 962 1811 1007 Commissioners
1832 965 1878 1007 in
1898 964 1971 1008 the

1337 1052 1534 1095 Marohes
1565 1053 1611 1096 of
1642 1053 1824 1098 WALEs.

137 1109 234 1153 Seal
255 1110 416 1153 broken
439 1124 574 1164 away.

778 1410 1208 1455 MCOOLXXXVI.

79 1518 456 1567 QUIT-OLAIM
506 1518 593 1561 BY
634 1517 926 1561 WILLIAM
968 1518 1103 1561 AND
1155 1518 1508 1562 MARGARET
1549 1520 1911 1565 STRADLING
1952 1522 2027 1565 ΤΟ

296 1609 368 1653 W.
412 1608 624 1651 TYLER
666 1608 745 1651 OF
786 1608 1275 1652 SYGENSLONDES
1318 1610 1388 1653 IN
1429 1610 1511 1654 ST.
1556 1611 1798 1655 BRIDES.

931 1716 1008 1772 [G.
1035 1716 1086 1759 Gr.
1110 1717 1178 1767 R]

1128 1809 1154 1848 4
1189 1807 1325 1850 JUNE.
1390 1809 1445 1849 36
1479 1809 1603 1850 HEN.
1642 1808 1777 1853 VIII.
1843 1811 1968 1853 1544.

135 1915 344 1958 Omnibus
373 1914 560 1957 CHRISTI
589 1913 784 1956 fidelibus
816 1915 870 1956 ad
904 1929 1007 1970 quos
1040 1929 1211 1970 presens
1239 1916 1444 1971 seriptum
1471 1917 1708 1971 pervenerit
1747 1916 2026 1961 WILLELMUS

81 2006 349 2049 STRADLYNG
371 2007 423 2047 de
445 2004 697 2047 TALAGARN
720 2005 765 2046 in
787 2005 991 2047 comitatu
1024 2004 1384 2047 GLAMORGANGOE
1417 2021 1645 2062 generosus
1675 2013 1717 2049 et
1739 2007 2029 2051 MARGARETA

77 2112 182 2140 uxor
213 2112 308 2139 mea
329 2097 508 2139 salutem
529 2096 574 2137 in
596 2095 770 2138 domino
801 2095 1119 2150 sempiternam.
1184 2095 1228 2138 N
1231 2096 1401 2138 overitis
1422 2112 1498 2139 nos
1520 2097 1706 2152 prefatos
1728 2097 2028 2142 WILLELMUM

75 2188 347 2232 STRADLYNG
384 2192 426 2229 et
459 2187 788 2229 MARGARETAM
827 2202 1002 2229 uxorem
1034 2202 1173 2229 meam
1208 2202 1283 2243 pro
1320 2202 1486 2230 summa
1517 2189 1803 2245 quadraginta
1834 2190 2023 2245 quinque

77 2295 311 2323 marcarum
344 2279 646 2335 sterlingorum
678 2277 799 2320 nobis
829 2293 903 2334 per
937 2277 1237 2321 W1LLELMUM
1268 2278 1426 2321 Tum
1461 2280 1513 2321 (le
1544 2279 1719 2321 SANCTA
1740 2279 1942 2322 BRIGIDA
1973 2282 2019 2323 in

78 2371 264 2413 dominio
294 2371 346 2412 de
368 2369 560 2412 OGMORE
592 2369 637 2411 in
658 2369 863 2411 comitatu
891 2369 1080 2424 predioto
1100 2384 1304 2424 yomman
1335 2384 1408 2425 pre
1430 2369 1627 2411 manibus
1647 2371 1880 2412 solutarum
1911 2372 2024 2414 unde

77 2462 258 2503 fatemur
278 2475 352 2503 nos
373 2461 484 2516 ipsos
506 2459 742 2502 satisfactos
763 2463 804 2502 et
838 2463 1056 2502 contentos
1077 2460 1164 2502 fore
1184 2475 1259 2516 per
1278 2463 1494 2516 presentes
1514 2460 1720 2503 remisisse
1740 2460 1949 2503 relaxasse
1980 2467 2023 2504 et

75 2551 246 2593 omnino
278 2565 353 2606 pro
386 2550 508 2593 nobis
539 2553 581 2592 et
620 2550 846 2592 heredibus
882 2551 1035 2592 nostris
1067 2551 1382 2606 imperpetuum
1422 2551 1814 2606 quietumolamasse
1854 2553 2020 2619 pretato

77 2641 329 2685 WILLELMO
368 2641 525 2683 TYLER
564 2641 608 2682 in
650 2655 726 2682 sua
764 2641 892 2696 plena
926 2646 968 2683 et
1001 2641 1173 2696 paoifioa
1204 2642 1459 2695 possessione
1490 2641 1687 2684 existenti
1718 2641 1942 2685 heredibus
1978 2646 2020 2685 et

78 2732 300 2788 assignatis
318 2731 403 2774 suis
423 2731 735 2787 imperpetuum
753 2734 892 2774 totum
913 2731 983 2788 jus
1004 2735 1197 2774 nostrum
1218 2732 1395 2774 titulum
1416 2735 1575 2774 statum
1591 2733 1799 2774 clanieum
1820 2733 2020 2775 interesse

77 2838 147 2864 seu
186 2823 397 2864 demanda
435 2824 579 2864 nostra
619 2837 700 2877 que
741 2837 932 2877 unquam
972 2822 1199 2864 habuimus
1243 2822 1448 2865 habemus
1488 2838 1561 2865 seu
1593 2823 1638 2864 in
1679 2823 1825 2865 futuro
1865 2823 2018 2867 habere

78 2913 306 2968 poterimus
335 2914 387 2954 de
418 2916 460 2955 et
489 2912 534 2954 in
555 2912 657 2955 totis
677 2912 762 2954 illis
784 2912 993 2969 messuag'
1016 2913 1126 2955 tofto
1158 2913 1327 2969 gardin'
1351 2913 1449 2956 terr'
1473 2913 1703 2955 tenement'
1726 2914 1836 2968 prat’
1875 2914 2015 2969 paseu’

77 3001 234 3056 pastur’
257 3001 366 3044 boso’
390 3001 577 3044 subboso'
599 3002 754 3044 reddit'
775 3003 1086 3046 reveroionibus
1115 3007 1157 3045 et
1189 3003 1374 3046 servioiis
1408 3018 1504 3045 eum
1538 3002 1733 3045 omnibus
1764 3006 1806 3046 et
1839 3004 2019 3060 singulis

281 3142 379 3175 lOU
