2362 3392
320 227 430 269 1752

255 432 489 476 STEPHANI
511 434 668 477 CLERK
691 468 700 477 .
723 438 766 477 et
786 434 992 477 situatum
1013 437 1076 476 est
1095 434 1141 476 in
1169 437 1289 490 parte
1321 435 1497 477 australi
1519 468 1700 479 ......
1727 437 1781 479 de
1804 436 2026 479 LANTWIT
2049 470 2058 478 .
2081 436 2198 480 aliud

255 523 413 567 ibidem
435 524 723 581 messuagium
753 528 949 566 vocatum
980 523 1295 566 HENsTHORPE
1328 558 1337 568 .
1367 527 1410 568 et
1440 525 1646 569 situatum
1668 531 1732 570 est
1755 527 1803 570 in
1823 528 1911 570 alta
1931 530 2064 570 strata
2083 528 2199 584 apud

249 613 472 657 LANTWIT
491 630 544 657 ex
565 614 755 671 opposito
776 615 926 657 domus
947 618 1106 657 vooatae
1129 614 1308 657 OoURTE
1329 615 1488 659 HousE
1510 649 1519 659 .
1541 617 1721 660 tercium
1741 621 1886 661 autem
1908 618 2196 674 messuagium

249 720 346 747 cum
366 705 546 761 gardino
566 705 789 761 adjacente
808 690 944 761 nuper
967 704 1053 747 fuit
1074 705 1268 749 WlLCOK
1296 704 1457 748 SMYTH
1489 740 1498 750 .
1530 708 1676 751 decem
1705 723 1813 751 acrae
1833 713 1957 751 terrae
1986 708 2130 765 jacent
2150 709 2197 751 in

249 797 433 851 quadam
454 795 646 838 clausura
666 796 782 850 apud
803 795 1171 838 CATOKESDOWNE
1195 831 1204 839 .
1227 797 1428 839 undecim
1455 812 1561 840 acrae
1582 801 1626 840 et
1645 798 1823 841 dimidia
1843 801 1966 841 terrae
1985 798 2131 854 jacent
2149 799 2196 841 in

249 887 433 941 quodam
461 886 601 928 clauso
633 887 747 942 apud
779 886 1162 929 RAWLESBOROWE
1193 921 1202 929 .
1235 893 1319 930 tres
1347 903 1453 930 acrae
1484 891 1608 931 terrae
1636 888 1779 944 jacent
1806 889 1852 931 in
1880 904 2028 945 campo
2050 892 2196 932 vocato

246 977 560 1019 ABBOTSFIELD
581 981 625 1019 et
644 992 781 1033 nuper
800 978 978 1021 fuerunt
1008 978 1214 1020 AGNETAE
1243 978 1366 1021 Tomi
1396 978 1571 1022 WALLE
1599 1012 1607 1021 .
1636 995 1724 1022 una
1747 994 1844 1022 acra
1862 983 1986 1022 terrae
2013 979 2126 1035 jacet
2149 979 2196 1022 in

244 1081 391 1122 campo
421 1070 568 1110 vocato
601 1067 888 1110 DEMELANDS
921 1072 963 1111 et
998 1084 1135 1124 nuper
1167 1069 1252 1111 fuit
1287 1069 1538 1113 WILLELMI
1580 1069 1774 1113 NYCOLL.
1836 1070 1951 1113 Dedi
1983 1070 2112 1113 etiam
2152 1073 2195 1113 et

243 1158 423 1201 concessi
442 1158 593 1201 iisdem
621 1158 651 1202 J
653 1173 832 1202 OHANNI
854 1163 897 1202 et
924 1159 954 1203 J
956 1174 1133 1202 OHANNI
1159 1175 1295 1202 unum
1322 1160 1610 1216 messuagium
1638 1176 1735 1204 cum
1763 1161 1987 1217 curtilagio
2013 1161 2193 1217 gardino

242 1253 284 1292 et
311 1250 444 1292 crofto
472 1250 768 1306 adjacentibus
791 1254 833 1293 et
862 1251 1044 1307 triginta
1071 1267 1187 1294 acras
1214 1255 1339 1294 terrae
1367 1254 1410 1294 et
1438 1251 1550 1307 prati
1574 1254 1758 1308 pasturae
1785 1255 1828 1294 et
1847 1251 1961 1294 bosci
1981 1267 2078 1294 cum
2096 1266 2189 1308 per-

242 1341 435 1383 tinentiis
454 1341 500 1383 in
522 1341 757 1384 LANDOWE
783 1342 898 1384 infra
924 1342 1175 1385 comitatum
1201 1342 1552 1385 GLAMORGANIAE
1574 1345 1617 1385 et
1645 1342 1910 1385 MORGANIAE
1937 1357 2033 1398 quae
2057 1357 2194 1399 nuper

242 1432 419 1475 fuerunt
450 1433 654 1475 AGNETAE
681 1433 781 1475 filiae
819 1433 998 1476 THOMAE
1034 1433 1242 1475 BOanAE
1277 1437 1319 1475 et
1346 1437 1551 1476 vocantur
1586 1433 1922 1476 BONVILLENDS.
1984 1432 2098 1475 Dedi
2127 1433 2192 1476 in-

241 1538 366 1579 super
393 1526 436 1565 et
463 1523 645 1565 concessi
676 1523 835 1566 eisdem
862 1523 892 1567 J
894 1539 1070 1567 oHANNI
1099 1527 1142 1567 et
1171 1524 1200 1568 J
1204 1539 1381 1567 OHANNI
1410 1539 1545 1567 unum
1573 1524 1861 1580 messuagium
1886 1539 1983 1567 cum
2008 1525 2188 1581 gardino

239 1614 461 1669 adjacente
476 1630 572 1656 cum
589 1615 858 1670 pertinentiis
873 1616 988 1671 apud
1005 1614 1293 1657 LEswnoxxY
1310 1630 1474 1657 necnon
1492 1616 1576 1657 duo
1593 1615 1804 1671 burgagia
1812 1630 1908 1657 cum
1921 1615 2190 1671 pertinentiis

240 1705 286 1746 in
324 1704 598 1747 CowBRIDGn
635 1721 731 1761 quae
767 1721 904 1762 nuper
938 1706 1115 1748 fuerunt
1151 1706 1400 1750 WILLELMI
1439 1706 1557 1748 PERs
1597 1706 1782 1748 senioris.
1842 1706 1957 1749 Dedi
1987 1706 2116 1749 etiam
2149 1709 2192 1750 et

240 1795 422 1838 concessi
452 1795 611 1838 eisdem
641 1797 933 1839 novemdecim
965 1812 1080 1840 acras
1109 1800 1151 1839 et
1182 1797 1405 1839 dimidiam
1435 1800 1559 1840 terrae
1588 1800 1629 1839 et
1659 1797 1770 1852 prati
1798 1812 1895 1839 cum
1920 1797 2189 1853 pertinentiis

239 1885 353 1928 infra
373 1886 611 1929 dominium
633 1888 684 1929 de
706 1887 927 1930 LANTWIT
949 1903 1044 1943 quae
1074 1904 1209 1944 nuper
1236 1889 1413 1930 fuerunt
1440 1888 1469 1931 J
1472 1902 1670 1930 OHANNAE
1699 1888 1885 1930 CLERKE
1914 1888 2050 1930 unicae
2086 1888 2187 1931 filiae

240 1980 282 2018 et
311 1976 477 2019 heredis
509 1977 758 2021 WILLELM1
791 1980 979 2021 CLERKE
1007 1994 1142 2034 nuper
1175 1979 1227 2021 de
1257 1978 1477 2020 LANTWIT
1513 1983 1555 2021 et
1594 1983 1738 2034 postea
1778 1979 1955 2020 fuerunt
1987 1978 2016 2022 J
2020 1993 2185 2021 ENKINI

245 2067 485 2110 RAGLANDI
509 2101 519 2111 .
541 2070 656 2111 unde
674 2072 766 2111 octo
784 2084 890 2112 acrae
911 2073 1036 2112 terrae
1057 2070 1232 2112 insimul
1252 2070 1396 2125 jacent
1411 2070 1457 2112 in
1479 2070 1618 2112 clauso
1640 2071 1754 2125 apud
1770 2069 2043 2112 SIGINSLADE
2064 2071 2190 2126 juxta

241 2163 399 2201 terram
418 2162 608 2202 vocatam
632 2159 956 2202 SYGYNSLANDS
976 2161 1022 2203 in
1043 2165 1163 2217 parte
1184 2161 1381 2203 orientali
1402 2164 1444 2203 et
1464 2165 1620 2203 terram
1645 2161 1808 2203 domini
1827 2163 1953 2204 modo
1973 2162 2018 2204 in
2039 2166 2191 2204 tenura

240 2250 419 2293 THOMAE
440 2249 571 2293 LYNE
592 2251 638 2293 in
660 2255 779 2306 parte
800 2252 1050 2294 occidentali
1072 2257 1113 2295 et
1142 2256 1300 2295 terram
1323 2252 1526 2294 ROBERm
1556 2252 1765 2294 Lmnom
1793 2253 1839 2294 in
1867 2257 1987 2308 parte
2011 2254 2186 2296 australi

241 2346 283 2384 et
312 2345 469 2384 terram
499 2341 529 2384 J
532 2356 720 2384 OHANNE
752 2342 944 2385 LYDDON
966 2347 1008 2385 et
1030 2346 1186 2385 terram
1209 2346 1401 2385 vocatam
1431 2342 1728 2385 SYGYNSLAND
1758 2343 1803 2385 in
1831 2347 1951 2400 parte
1975 2344 2151 2386 australi
2178 2378 2186 2386 .

241 2433 336 2474 duae
377 2447 483 2474 acrae
524 2435 647 2475 terrae
688 2433 863 2475 insimul
911 2433 1055 2490 jacent
1101 2434 1146 2475 in
1198 2434 1339 2476 clauso
1389 2435 1504 2490 apud
1546 2434 1868 2476 MERESHENDE
1908 2434 2035 2490 juxta
2074 2435 2188 2478 viam

239 2523 463 2565 ducentem
512 2524 564 2566 de
613 2523 874 2566 SYGYNSTON
927 2540 1070 2567 versus
1128 2524 1418 2567 LstaoNNY
1467 2525 1513 2566 in
1563 2528 1684 2580 parte
1734 2525 1930 2568 orientali
1980 2530 2022 2567 et
2073 2526 2186 2568 viam

239 2594 463 2655 ducentem
493 2614 546 2655 de
577 2612 930 2656 LAMYHENGELL
963 2629 1105 2657 versus
1135 2615 1346 2657 EWENNY
1375 2615 1421 2657 in
1451 2614 1643 2670 partibus
1670 2615 1846 2657 australi
1874 2618 1916 2657 et
1937 2615 2187 2658 occidentali

239 2707 281 2746 et
310 2707 481 2759 pratum
509 2704 716 2746 HOWELL
748 2705 905 2748 CARNE
933 2706 978 2748 in
1003 2711 1123 2762 parte
1153 2706 1312 2749 boreali
1347 2740 1355 2748 .
1389 2715 1431 2748 et
1457 2721 1553 2748 acra
1579 2706 1692 2762 prati
1712 2709 1860 2748 vocata
1881 2706 2186 2750 WHITEPUSE-

239 2809 333 2837 HAY
366 2829 374 2837 .
408 2799 450 2837 et
480 2810 576 2837 acra
605 2796 651 2838 in
677 2796 818 2839 clauso
843 2797 890 2839 in
918 2796 1178 2839 HAMoNDEs
1210 2812 1348 2839 LONDs
1378 2797 1490 2839 inter
1519 2797 1683 2839 fontem
1715 2800 1905 2839 vocatam
1943 2797 2188 2841 THERGATS

237 2884 382 2928 WELL
422 2885 468 2927 in
507 2888 627 2941 parte
667 2886 864 2929 orientali
899 2891 942 2929 et
981 2890 1155 2943 pontem
1197 2887 1377 2930 Romam
1414 2887 1675 2929 LEWELLYN
1708 2887 1754 2929 in
1785 2891 1906 2943 parte
1936 2889 2187 2932 occidentali

235 2979 278 3018 et
293 2975 454 3032 via[m]
475 2975 746 3033 ducente[m]
767 2992 910 3020 versus
927 2978 1266 3020 PORTINSTRETE
1286 2978 1332 3020 in
1353 2981 1473 3034 parte
1489 2977 1665 3020 australi
1681 2980 1723 3020 et
1739 2979 1970 3034 gardinum
1991 2979 2022 3022 J
2027 2994 2185 3023 ANKYN
