2362 3392
1870 278 1979 319 1945

86 491 264 533 summis
303 491 640 546 quibuscumque
680 491 733 531 de
773 489 973 544 predictis
1012 488 1212 530 maneriis
1251 486 1481 542 mesuagiis
1530 486 1653 528 terris
1694 484 1949 527 tenementis
1993 486 2036 526 et

87 581 233 624 ceteris
271 581 484 637 premissis
524 595 597 622 seu
637 580 690 621 de
729 579 875 635 aliqua
914 579 1015 621 inde
1056 579 1239 634 parcella
1289 591 1459 633 quoquo
1498 576 1623 618 modo
1664 575 1920 617 exeuntibus
1960 589 2034 616 seu

89 672 300 715 solvendis
327 672 395 714 vel
427 671 652 727 superinde
686 671 870 713 oneratis
910 685 984 712 seu
1020 670 1246 712 onerandis
1280 667 1465 724 exceptis
1499 666 1762 723 preexceptis
1794 666 1955 708 facient
1994 668 2037 707 et

89 763 179 804 fieri
207 761 442 805 causabunt
474 796 481 803 .
515 761 576 804 Et
608 761 684 803 hec
722 761 863 803 littere
901 764 1042 803 nostre
1074 762 1268 816 patentes
1296 762 1371 801 aut
1397 758 1770 801 irrotulamentum
1806 756 2036 798 earundem

91 855 216 895 erunt
236 852 460 894 annuatim
481 854 524 894 et
545 852 598 893 de
618 854 808 907 tempore
828 853 872 892 in
894 854 1063 906 tempus
1083 853 1172 892 tam
1194 850 1319 892 dictis
1348 848 1597 891 cancellario
1628 852 1669 889 et
1701 847 1874 889 consilio
1895 850 2038 888 nostro

90 944 200 986 dicte
236 943 349 985 curie
390 946 532 984 nostre
573 942 982 998 augmentacionum
1021 941 1320 983 revencionum
1362 954 1511 982 corone
1551 943 1693 981 nostre
1733 953 1809 994 pro
1849 941 2038 993 tempore

89 1033 369 1076 existentibus
391 1048 521 1089 quam
542 1032 739 1075 omnibus
760 1036 801 1075 et
823 1032 1005 1088 singulis
1034 1031 1234 1088 predictis
1262 1030 1548 1086 receptoribus
1578 1029 1843 1072 auditoribus
1873 1031 1916 1071 et
1947 1027 2042 1070 aliis

91 1124 299 1167 officiariis
320 1127 361 1166 et
382 1123 589 1166 ministris
610 1122 943 1179 quibuscumque
964 1123 1168 1165 heredum
1189 1125 1232 1163 et
1261 1135 1544 1164 successorum
1572 1123 1814 1162 nostrorum
1834 1119 2044 1161 sufficiens

92 1218 354 1257 warrantum
376 1218 418 1256 et
439 1214 686 1256 exoneracio
707 1214 751 1255 in
773 1214 852 1255 hac
873 1217 1005 1269 parte.

150 1305 210 1347 Et
232 1305 411 1348 ulterius
433 1306 585 1347 damus
605 1308 647 1346 et
668 1319 744 1360 pro
768 1304 1104 1346 consideracione
1127 1303 1315 1359 predicta
1346 1318 1393 1345 ac
1423 1317 1476 1344 ex
1507 1306 1620 1345 certa
1651 1302 1829 1344 sciencia
1859 1305 1900 1343 et
1931 1315 2046 1343 mero

91 1400 212 1439 motu
255 1397 409 1438 nostris
450 1411 526 1451 per
572 1400 787 1451 presentes
823 1395 1091 1437 concedimus
1140 1394 1306 1450 prefato
1357 1393 1489 1435 R1010
1535 1392 1780 1435 MANXELL’
1822 1392 1964 1435 omnia
2005 1397 2047 1434 et

89 1489 334 1531 omnimoda
373 1489 512 1530 exitus
561 1488 754 1529 redditus
802 1487 1071 1529 revenciones
1111 1491 1153 1528 et
1203 1486 1389 1542 proficua
1438 1485 1724 1542 predictorum
1763 1485 2050 1527 maneriorum

92 1580 408 1635 mesuagiorum
448 1583 659 1621 terrarum
698 1581 1041 1620 tenementorum
1093 1582 1134 1620 et
1176 1581 1409 1620 ceterorum
1459 1577 1652 1619 omnium
1702 1580 1743 1618 et
1784 1576 2051 1632 singulorum

91 1671 390 1726 premissorum
431 1684 527 1711 cum
568 1685 717 1711 eorum
757 1669 1029 1724 pertinenciis
1075 1669 1282 1710 universis
1321 1683 1346 1709 a
1386 1668 1493 1710 festo
1535 1667 1880 1709 annunciacionis
1928 1666 2050 1709 beate

93 1761 252 1803 MARIE
283 1761 464 1817 virginis
494 1761 646 1802 ultimo
678 1760 880 1815 preterito
911 1759 1128 1815 hucusque
1161 1759 1459 1814 proveniencia
1489 1759 1575 1800 sive
1607 1757 1835 1800 crescentia
1855 1756 2051 1799 habenda

91 1853 229 1894 eidem
264 1852 395 1894 Riclo
437 1866 489 1893 ex
529 1852 640 1893 dono
682 1853 825 1892 nostro
867 1850 1024 1905 absque
1066 1854 1259 1905 compoto
1301 1865 1374 1891 seu
1415 1849 1556 1904 aliquo
1590 1849 1673 1891 alio
1709 1849 1886 1904 proinde
1927 1848 2049 1891 nobis

90 1942 315 1984 heredibus
335 1943 402 1983 vel
424 1941 730 1984 successoribus
752 1942 905 1983 nostris
928 1956 1097 1996 quoquo
1119 1941 1243 1983 modo
1264 1941 1480 1983 reddendo
1503 1940 1703 1982 solvendo
1724 1940 1790 1982 vel
1813 1940 2021 1982 faciendo.

152 2031 363 2075 Volumus
386 2033 519 2074 eciam
543 2047 616 2086 pro
637 2033 976 2074 consideracione
997 2032 1186 2087 predicta
1217 2047 1264 2073 ac
1294 2047 1346 2073 ex
1378 2034 1491 2073 certa
1522 2031 1700 2073 sciencia
1729 2034 1770 2073 et
1791 2046 1906 2073 mero
1928 2034 2048 2073 motu

95 2123 248 2164 nostris
271 2138 343 2178 per
364 2126 578 2178 presentes
599 2122 868 2164 concedimus
888 2123 1054 2178 prefato
1080 2123 1212 2164 R1c10
1233 2121 1476 2164 MANXELL'
1500 2123 1614 2177 quod
1640 2121 1793 2164 habeat
1814 2125 1856 2163 et
1876 2121 2050 2164 habebit

93 2212 169 2255 has
199 2213 363 2255 litteras
393 2218 557 2255 nostras
589 2216 782 2268 patentes
813 2213 891 2255 sub
923 2228 1081 2269 magno
1112 2213 1251 2268 sigillo
1294 2212 1478 2254 ANGLIE
1510 2211 1654 2254 debito
1684 2212 1810 2254 modo
1841 2211 1974 2253 factas
2005 2214 2047 2253 et

95 2303 304 2359 sigillatas
333 2303 490 2358 absque
521 2303 605 2345 fine
635 2318 708 2345 seu
742 2304 867 2345 feodo
897 2318 1054 2360 magno
1077 2304 1144 2345 vel
1173 2317 1304 2359 parvo
1334 2302 1455 2345 nobis
1484 2303 1529 2344 in
1558 2302 1788 2358 hanaperio
1809 2305 1952 2344 nostro
1973 2317 2047 2344 seu

93 2393 197 2436 alibi
218 2395 273 2435 ad
294 2409 420 2436 usum
440 2398 633 2436 nostrum
656 2409 825 2450 quoquo
847 2396 971 2437 modo
993 2395 1208 2436 reddendo
1230 2395 1428 2436 solvendo
1450 2394 1516 2435 vel
1537 2394 1744 2435 faciendo.

154 2485 220 2526 Eo
242 2486 355 2540 quod
376 2499 572 2540 expressa
592 2486 756 2527 mencio
777 2486 830 2527 de
851 2500 948 2527 vero
980 2486 1120 2527 valore
1142 2500 1285 2527 annuo
1306 2485 1373 2527 vel
1394 2486 1446 2527 de
1472 2485 1726 2526 certitudine
1747 2485 2045 2540 premissorum

99 2575 184 2617 sive
206 2590 352 2618 eorum
374 2575 557 2631 alicujus
578 2579 653 2617 aut
683 2576 735 2618 de
758 2576 852 2617 aliis
874 2576 996 2618 donis
1029 2576 1116 2618 sive
1140 2575 1474 2618 concessionibus
1503 2590 1578 2631 per
1607 2590 1683 2617 nos
1713 2575 1879 2630 prefato
1911 2574 2043 2617 RICIO

97 2669 195 2707 ante
225 2665 302 2707 hec
332 2668 523 2721 tempora
553 2666 678 2708 factis
706 2667 751 2707 in
785 2666 1051 2721 presentibus
1078 2666 1254 2708 minime
1287 2666 1400 2708 facta
1431 2666 1576 2708 existit
1608 2670 1683 2707 aut
1718 2666 1861 2720 aliquo
1882 2669 2042 2707 statuto

97 2760 194 2797 actu
243 2756 512 2798 ordinacione
553 2756 790 2811 provisione
831 2757 917 2798 sive
970 2757 1235 2799 restriccione
1275 2757 1375 2799 inde
1422 2758 1727 2799 incontrarium
1766 2757 1881 2799 facta
1930 2758 2046 2799 edita

100 2846 292 2888 ordinata
319 2847 406 2888 sive
435 2847 603 2902 provisa
631 2850 705 2889 aut
735 2848 877 2903 aliqua
906 2848 990 2889 alia
1017 2862 1062 2889 re
1091 2863 1215 2890 causa
1246 2848 1312 2890 vel
1332 2848 1510 2890 materia
1531 2863 1795 2903 quacumque
1825 2848 1871 2889 in
1902 2848 2045 2903 aliquo

105 2951 190 2978 non
213 2937 419 2979 obstante.

160 3026 215 3068 In
237 3027 359 3083 cujus
378 3027 440 3069 rei
461 3028 756 3070 testimonium
776 3028 852 3070 has
873 3028 1036 3071 litteras
1056 3032 1221 3071 nostras
1241 3030 1332 3071 fieri
1352 3030 1530 3071 fecimus
1549 3034 1756 3084 patentes.

311 3167 399 3201 lor
