2362 3392
366 229 477 270 1940

301 434 557 478 BR0M131LL'
594 436 797 478 EGLoosE
834 435 1038 478 NUNNEY
1074 435 1234 478 Cano:
1275 441 1318 479 et
1357 437 1543 479 PENTRE
1576 437 1692 480 infra
1724 438 1883 481 dictam
1917 437 2160 494 parochiam
2195 438 2250 480 de

300 526 523 569 MARGAM’
547 543 594 570 ac
617 528 664 569 in
692 527 901 583 parochiis
929 528 982 570 de
1006 527 1273 570 MARCROSSE
1295 532 1338 570 et
1359 527 1512 570 PYLLE
1544 529 1649 571 alias
1680 529 1804 571 PYLE
1833 529 1879 571 in
1907 529 2019 571 dicto
2047 528 2251 571 comitatu

302 622 445 661 nostro
476 618 778 661 GLAMORGAN'
809 634 882 661 seu
915 618 961 660 in
997 633 1146 661 earum
1178 619 1322 674 aliqua
1350 600 1462 662 dicto
1489 635 1624 675 nuper
1651 620 1905 663 monasterio
1931 634 2100 675 quoquo
2126 619 2254 662 modo

301 708 535 763 spectantia
565 709 651 751 sive
682 708 943 765 pertinentia
977 713 1052 750 aut
1083 712 1130 751 ut
1161 708 1400 752 membrum
1431 724 1528 765 pars
1557 711 1625 753 vel
1658 711 1841 766 parcella
1870 709 2179 766 possessionum
2208 713 2252 752 et

301 799 600 841 revencionum
621 799 814 854 ejusdem
835 814 970 855 nuper
989 800 1235 842 monasterii
1255 801 1419 842 dudum
1439 801 1663 843 existentia
1683 816 1848 843 necnon
1863 801 2007 844 omnia
2027 804 2069 843 et
2082 801 2253 856 singula

308 893 441 931 terras
491 893 736 933 tenementa
786 895 829 932 et
879 896 1015 932 cetera
1059 890 1398 933 hereditamenta
1447 897 1591 933 nostra
1636 907 1899 948 quecumque
1939 892 2125 948 jacentia
2165 891 2252 934 sivo

305 981 533 1023 existentia
573 982 619 1023 in
660 982 846 1036 quodam
885 981 1062 1024 marisco
1103 981 1296 1038 ejusdem
1331 997 1467 1038 nuper
1498 984 1743 1026 monasterii
1783 983 1898 1025 infla
1927 982 2171 1039 parochiam
2200 985 2253 1026 de

299 1071 523 1114 MARGAM'
546 1073 736 1128 predicta
767 1077 809 1115 et
830 1074 968 1115 eidem
990 1088 1124 1129 nuper
1147 1075 1400 1116 monasterio
1421 1075 1586 1116 dudum
1607 1075 1843 1130 spectantia
1864 1078 1906 1117 et
1928 1075 2200 1130 pertinentia.

360 1163 526 1206 Damus
559 1163 691 1206 eciam
721 1179 797 1220 pro
825 1164 1161 1206 consideracione
1192 1164 1382 1219 predicta
1412 1180 1459 1207 ac
1490 1180 1543 1206 ex
1573 1169 1686 1207 certa
1717 1165 1895 1208 sciencia
1925 1170 1967 1207 et
1997 1180 2112 1208 mero
2132 1169 2253 1208 motu

303 1255 458 1297 nostris
488 1270 562 1311 per
592 1259 806 1311 presentes
837 1255 1104 1297 concedimus
1137 1256 1300 1310 prefato
1332 1255 1463 1298 Ric1o
1486 1255 1731 1298 MANXELL'
1764 1258 1903 1298 totum
1928 1256 2052 1298 illum
2081 1255 2254 1299 boscum

303 1349 496 1388 nostrum
518 1350 713 1388 vocatum
736 1346 895 1388 CRYKE
920 1345 1092 1388 Woomz
1115 1360 1211 1388 cum
1232 1346 1502 1401 pertinentiis
1523 1347 1812 1389 continentem
1833 1361 1909 1402 per
1939 1347 2255 1390 estimacionem

303 1438 501 1479 undecim
523 1452 638 1480 acras
665 1453 712 1480 ac
741 1441 879 1479 totum
901 1437 1024 1479 illum
1056 1436 1229 1479 boscum
1261 1441 1455 1479 nostrum
1477 1453 1573 1479 cmn
1591 1437 1861 1493 pertinentiis
1883 1443 2077 1480 vocatum
2100 1437 2255 1480 LYTLE

303 1527 621 1571 CRYKEWODDE
653 1528 943 1571 continentem
974 1544 1047 1584 per
1069 1530 1385 1572 estimacionem
1416 1535 1599 1585 quatuor
1631 1545 1746 1572 acras
1766 1530 1980 1585 jacentem
2001 1533 2255 1574 crescentem

303 1622 346 1662 et
381 1620 634 1662 existentem
654 1620 699 1661 in
721 1619 944 1662 MARGAM’
968 1620 1157 1676 predicta
1178 1626 1218 1662 et
1239 1620 1352 1662 dicto
1374 1636 1509 1676 nuper
1530 1621 1785 1663 monasterio
1807 1622 1971 1664 dudum
1993 1626 2253 1678 spectantem

306 1716 348 1752 et
379 1711 666 1766 pertinentem
697 1726 745 1752 ac
781 1715 920 1753 totum
956 1711 1081 1753 illum
1112 1711 1284 1754 boscum
1316 1716 1508 1754 nostrum
1541 1717 1584 1754 et
1619 1713 1824 1768 copiciam
1854 1712 1967 1756 bosci
1998 1714 2132 1755 nostri
2163 1728 2258 1756 cum

306 1803 577 1858 pertinentiis
600 1807 792 1844 vocatam
807 1801 997 1844 KELLEY
1017 1801 1242 1845 GREDYKE
1260 1802 1430 1845 COPPES
1444 1803 1734 1846 continentem
1751 1819 1824 1859 per
1845 1805 2160 1847 estimacionem
2175 1808 2261 1847 tres

307 1909 423 1936 acras
475 1909 521 1936 ac
573 1898 713 1935 totum
764 1893 887 1936 illum
939 1894 1111 1936 boscum
1161 1897 1355 1936 nostrum
1406 1900 1448 1936 et
1489 1895 1694 1949 copiciam
1735 1894 1848 1937 bosci
1889 1896 2023 1938 nostri
2065 1899 2258 1939 vocatam

310 1984 649 2027 MYDDEoRor'rE
701 1984 871 2027 coppas
920 1986 1209 2028 continentem
1260 2001 1334 2041 per
1384 1986 1700 2028 estimacionem
1750 1991 1835 2029 tres
1884 2002 2000 2030 acras
2047 1988 2261 2043 jacentem

311 2081 565 2120 crescentem
606 2080 648 2118 et
689 2077 943 2120 existentem
984 2077 1030 2119 in
1068 2077 1265 2119 Hoacizo
1306 2078 1410 2119 alias
1451 2077 1708 2119 HORGROVE
1750 2079 1940 2133 predicta
1979 2079 2091 2121 dicto
2127 2095 2266 2136 nuper

315 2169 569 2211 monasterio
584 2169 748 2210 dudum
765 2173 1026 2223 spectantem
1044 2175 1085 2211 et
1100 2169 1386 2224 pertinentem
1403 2184 1567 2211 necnon
1580 2173 1720 2211 totum
1734 2169 1857 2211 iHum
1879 2170 2051 2212 boscum
2072 2178 2264 2214 nostrum

314 2264 357 2302 et
390 2260 593 2315 copiciam
621 2259 733 2302 bosci
770 2260 903 2302 nostri
924 2264 1119 2302 vocatum
1150 2260 1325 2302 BOLLYS
1359 2260 1506 2303 COPPE
1528 2261 1815 2303 continentem
1846 2276 1921 2316 per
1951 2262 2265 2305 estimacionem

314 2355 398 2392 tres
440 2365 554 2392 acras
594 2365 640 2392 ac
681 2354 820 2392 totum
861 2350 984 2392 issum
1024 2350 1196 2393 boscum
1228 2354 1419 2393 nostrum
1460 2354 1502 2393 et
1537 2352 1723 2406 copicam
1755 2351 1867 2395 bosci
1902 2353 2036 2394 nostri
2067 2358 2264 2397 vocatum

316 2440 470 2482 LYTLE
522 2441 668 2482 Boms
719 2439 865 2482 COPPE
909 2441 1199 2484 continentem
1250 2457 1323 2497 per
1364 2442 1678 2484 estimacionem
1724 2444 1829 2485 duas
1873 2458 1989 2486 acras
2038 2450 2081 2486 et
2129 2460 2261 2488 unam

321 2533 469 2573 rodam
508 2532 720 2587 jacentem
761 2538 1014 2574 crescentem
1056 2537 1096 2574 et
1132 2533 1386 2574 existentem
1421 2534 1464 2574 in
1507 2533 1704 2589 parochia
1737 2535 1789 2576 de
1823 2535 1974 2577 PYLLE
2008 2536 2112 2578 alias
2143 2535 2268 2579 PYLE

322 2623 511 2678 predicta
551 2627 593 2664 et
633 2623 745 2665 dicto
791 2638 925 2678 nuper
975 2624 1230 2665 monasterio
1280 2625 1444 2666 dudum
1494 2629 1755 2680 spectantem
1805 2631 1846 2669 et
1896 2627 2180 2682 pertinentem
2220 2644 2267 2671 ac

321 2713 454 2755 eciam
489 2728 634 2755 omnes
669 2716 712 2755 et
744 2714 934 2769 singulos
970 2714 1074 2756 alios
1104 2714 1247 2756 boscos
1278 2714 1500 2757 subboscos
1530 2727 1571 2756 et
1593 2715 1760 2757 arbores
1790 2723 1954 2758 nostras
1984 2732 2268 2773 quascumque

323 2805 375 2846 de
416 2804 462 2845 in
494 2803 561 2845 vel
602 2818 727 2858 super
766 2804 979 2859 premissis
1017 2814 1091 2846 aut
1126 2805 1270 2860 aliqua
1301 2806 1400 2847 inde
1440 2806 1623 2861 parcella
1658 2811 1887 2849 crescentes
1922 2808 2009 2849 sive
2043 2808 2271 2851 existentes

325 2909 372 2937 ac
404 2898 538 2936 totam
567 2900 725 2936 terram
762 2894 947 2936 fundum
977 2901 1019 2936 et
1055 2895 1191 2937 solum
1225 2896 1512 2951 predictorum
1536 2895 1757 2939 hoscorum
1793 2902 1835 2939 et
1866 2912 2007 2940 eorum
2046 2898 2272 2954 cujuslibet

324 3000 488 3027 necnon
548 2985 828 3027 reversionem
879 2989 920 3027 et
972 2986 1232 3028 reversiones
1288 2987 1574 3042 predictorum
1624 2988 1909 3030 maneriorum
1959 2990 2273 3045 mesuagiorum
