2362 3392
1880 275 1987 317 1981

93 504 146 545 ap
177 488 277 531 MEs
307 495 349 530 et
379 503 404 529 a
434 487 575 543 lapide
605 485 792 541 predicto
824 485 930 527 sicut
961 484 1183 527 ffossatum
1210 487 1405 526 vocatum
1436 482 1551 525 FFos
1573 482 1796 526 VROYNOG
1833 482 1949 524 ducit
1983 482 2037 524 ad

92 580 251 635 angulo
300 579 486 621 ffoueam
529 577 641 633 prati
681 576 817 619 vocati
860 574 1004 618 GWEN
1050 574 1222 617 Lvan
1271 578 1312 617 et
1355 574 1408 617 ab
1459 574 1531 616 illo
1575 574 1665 616 loco
1711 574 1818 616 sicut
1867 573 2036 615 foueam

91 670 208 713 ducit
237 670 291 712 ad
321 670 435 712 viam
464 684 545 724 que
576 667 693 710 ducit
728 682 753 709 a
787 666 890 709 Rvn
920 665 1156 708 meuosss
1189 666 1243 707 ad
1272 664 1477 708 MARGAN
1505 668 1549 707 et
1573 680 1599 707 a
1636 665 1749 707 viam
1786 664 1991 706 redictam
2024 697 2031 703 .

88 760 248 804 Subtus
297 760 476 803 ouilium
538 760 743 801 fficium)
805 757 963 800 TnoMs
1023 758 1079 799 ad
1131 757 1322 798 riuulum
1382 759 1578 798 vocatum
1641 754 1933 798 KYNNAYRON
1994 759 2036 796 et

87 852 194 896 siout
234 850 528 894 KYNNAYRON
570 850 687 892 ducit
727 849 782 891 ad
823 847 944 890 ΚΗΛ,
976 847 1077 890 RYD
1119 847 1369 903 predictum.
1431 846 1698 889 Habendum
1729 849 1771 888 et
1800 846 2036 888 tenendum

87 943 325 999 predictum
373 944 666 984 tenementum
707 944 756 982 ut
804 939 1043 995 predictum
1083 941 1145 981 est
1184 938 1349 994 prefato
1391 937 1532 981 Rmsso
1573 953 1627 993 ap
1667 937 1822 980 JEUAN
1865 937 1979 979 Rmss
2024 971 2031 977 .

86 1031 302 1075 Kfflmm
334 1031 460 1074 verch
490 1031 519 1074 J
523 1045 646 1072 EUAN
678 1034 721 1072 et
751 1029 780 1072 J
784 1043 968 1071 OHANNE
999 1044 1052 1084 ap
1084 1028 1208 1071 RYCE
1241 1028 1354 1070 filius
1384 1028 1634 1070 Eorundem
1665 1028 1720 1070 ad
1740 1026 1972 1069 terminum
1993 1031 2035 1068 et

89 1138 163 1179 per
183 1123 413 1166 terminum
441 1122 528 1164 vite
554 1136 699 1164 eorum
730 1123 772 1163 et
804 1120 977 1162 alterius
1007 1134 1152 1162 eorum
1183 1119 1348 1161 diucius
1378 1119 1542 1161 viuenti
1573 1118 1800 1161 successive
1831 1117 2038 1160 Redendo

86 1215 186 1257 inde
207 1214 402 1256 annatim
424 1212 590 1269 prefato
612 1212 785 1254 domino
828 1210 1049 1253 heredibus
1071 1215 1111 1252 et
1133 1210 1360 1266 assignatis
1392 1210 1477 1252 suis
1498 1209 1629 1251 trium
1651 1209 1881 1251 solidorum
1902 1210 1945 1249 et
1965 1223 2039 1250 sex

91 1304 361 1348 denariorum
383 1304 636 1346 soluendum
658 1303 713 1345 ad
734 1303 838 1344 duos
859 1301 961 1343 anni
982 1301 1184 1343 terminos
1214 1300 1372 1342 ibidem
1393 1300 1550 1342 vsualis
1580 1299 1777 1341 videlicet
1807 1300 1862 1341 ad
1883 1298 2041 1341 festum

89 1396 316 1439 PHILIPPE
349 1398 392 1437 et
427 1394 456 1437 J
460 1409 597 1436 ACOBE
639 1399 681 1436 et
722 1392 867 1435 Sancti
906 1392 1166 1434 Mlcnefflms
1207 1391 1421 1447 arcangeli
1461 1405 1536 1446 per
1576 1390 1746 1446 equales
1787 1389 1996 1445 porcionis
2031 1423 2039 1430 .

90 1486 258 1529 Sectam
289 1485 416 1529 Ourie
445 1491 487 1527 et
517 1484 753 1527 molendini
784 1490 826 1525 et
847 1483 1058 1525 heriotum
1079 1498 1175 1525 cum
1197 1482 1394 1525 occiderit
1416 1481 1612 1524 videlicet
1634 1481 1843 1524 obtimum
1863 1480 2040 1523 animall

89 1577 156 1620 vel
190 1592 251 1619 Vs,
286 1577 341 1619 ad
371 1576 632 1632 placenciam
663 1575 765 1618 dicti
796 1574 959 1617 domini
990 1589 1065 1629 pro
1097 1579 1284 1629 tempore
1326 1572 1546 1616 existentis
1577 1573 1701 1615 vnius
1731 1573 1819 1615 diei
1850 1571 2045 1614 aracione

89 1669 214 1711 vnius
234 1668 303 1711 die
323 1667 530 1710 messione
551 1667 598 1709 in
618 1670 807 1722 tempore
830 1666 975 1708 messis
995 1665 1120 1708 vnius
1141 1664 1210 1707 die
1231 1672 1403 1707 vectura
1433 1663 1627 1706 annatim
1649 1678 1696 1705 ac
1726 1662 1855 1705 etiam
1878 1661 2041 1704 Reddit

90 1759 270 1816 quilibet
290 1759 455 1801 Eorum
477 1757 717 1800 Successive
740 1756 977 1799 Redditum
998 1760 1107 1798 terre
1139 1759 1285 1798 vastue
1316 1754 1435 1797 Sicut
1465 1753 1714 1811 homagium
1743 1752 1954 1795 taxabant
1975 1753 2042 1795 vel

85 1850 347 1894 Senescallus
381 1864 457 1905 pro
478 1853 667 1904 tempore
689 1849 873 1890 existens
908 1882 915 1889 .
949 1846 1010 1889 Et
1031 1846 1211 1902 quilibet
1237 1845 1401 1888 Eorum
1431 1846 1505 1888 dat
1536 1845 1709 1887 domino
1740 1858 1816 1900 pro
1846 1843 2042 1900 ingressu

86 1946 181 1999 post
215 1942 430 1983 decessum
464 1954 609 1983 eorum
642 1939 816 1982 alterius
856 1946 931 1980 1J⁰⁸·
961 1938 1130 1993 caponis
1161 1937 1228 1980 vel
1264 1940 1374 1979 XIJd.
1410 1951 1458 1979 ao
1490 1936 1619 1979 etiam
1657 1935 1828 1978 Reddid
1861 1934 2042 1990 quilibet

87 2047 234 2076 eorum
256 2031 449 2074 annatim
472 2031 526 2073 ad
547 2030 720 2073 ffestum
742 2028 983 2072 natiuitatis
1009 2028 1170 2070 domini
1203 2035 1268 2070 1-10-
1293 2027 1463 2083 caponis
1493 2029 1536 2070 et
1566 2026 1780 2082 predictus
1811 2025 1935 2068 Rncu
1967 2026 2040 2068 dat

86 2123 263 2167 domino
285 2137 361 2179 pro
383 2123 519 2178 primo
544 2121 739 2177 ingressu
760 2135 880 2162 L11J3.
910 2122 1028 2162 111Jd.
1053 2124 1095 2161 et
1116 2119 1173 2161 sic
1193 2119 1401 2161 admissus
1421 2121 1484 2160 est
1510 2121 1660 2160 tenens
1681 2121 1723 2159 et
1743 2117 1845 2160 fecit
1865 2116 2038 2159 domino

85 2215 338 2257 fidelitatem
363 2217 406 2255 et
425 2212 555 2255 habet
575 2212 774 2254 seisinam
806 2245 814 2252 .
848 2210 903 2253 In
926 2210 1045 2252 cuius
1065 2210 1185 2265 copia
1215 2209 1508 2252 testimonium
1539 2213 1628 2251 tam
1650 2208 1841 2265 sigillum
1861 2208 2041 2264 predicti

84 2305 305 2348 senescalli
327 2319 457 2360 quam
478 2303 670 2359 sigillum
692 2302 795 2345 dicti
816 2301 980 2344 domini
1003 2307 1065 2343 est
1086 2315 1286 2357 appensa.

147 2397 314 2439 Datum
335 2395 404 2438 die
425 2399 467 2437 et
488 2409 601 2436 anno
623 2393 875 2449 supradicto.

1283 2481 1478 2538 (Signed)
1602 2481 1695 2524 RES
1735 2480 1979 2523 MANXELL.

159 2575 634 2635 [Endorsed]—Jeuan
670 2590 724 2631 ap
760 2575 886 2617 Reoe.

483 2665 513 2709 J
516 2669 614 2708 onet
650 2664 776 2708 verch
812 2664 956 2707 Hoell.

480 2756 592 2799 Rece
627 2771 681 2812 ap
714 2754 844 2798 John.

477 2847 521 2889 A
540 2849 759 2889 tenement
778 2845 922 2888 mered
941 2844 987 2887 in
1009 2844 1295 2901 Havadporth
1315 2845 1458 2887 mered
1479 2859 1621 2901 vppon
1641 2844 1838 2900 Morgan.

145 2939 212 2968 The
228 2940 389 2976 language
404 2938 468 2967 and
483 2945 644 2975 grammar
659 2937 692 2966 of
714 2935 780 2965 this
795 2935 874 2965 deed
891 2943 945 2965 are
962 2944 1038 2973 very
1056 2936 1248 2964 inaccurate.
