2362 3392
1956 228 2066 269 1677

1038 431 1269 475 MOOXX.

174 529 568 573 INSPEXIMUS
628 529 762 573 AND
822 530 1305 574 GONFIRMATION
1364 531 1452 574 BY
1507 531 1797 576 RIOHARD
1867 532 2122 585 NEVILL,

318 620 490 664 EARL
564 620 643 663 OF
716 620 1052 674 WARWIOK,
1128 621 1206 665 OF
1277 621 1556 666 VARIOUS
1637 622 1969 667 GHARTERS
2045 623 2122 666 ΤΟ

319 711 542 755 NEATH
590 711 820 755 ABBEY.

1027 786 1102 844 [e.
1126 787 1178 831 e.
1202 787 1277 845 R]

1283 880 1339 920 24
1368 879 1508 922 JUNE.
1571 880 1597 921 8
1628 879 1756 923 Enw.
1790 879 1872 924 IV.
1937 881 2061 923 1468.

232 968 463 1011 RICARDUS
484 983 620 1011 comes
640 967 929 1012 WARREWICI
951 969 1149 1012 dominus
1171 969 1474 1013 GLAMORGAN'
1492 974 1535 1013 et
1556 970 1772 1013 MORGAN’
1794 974 1837 1014 et
1856 971 1995 1015 ANNA
2017 987 2126 1015 uxor

174 1058 269 1116 ejus
303 1059 391 1102 filia
421 1062 464 1102 et
493 1059 615 1102 heres
645 1059 842 1102 RmAnm
872 1075 1009 1116 nuper
1039 1061 1203 1103 comitis
1234 1060 1523 1104 WARREWIGI
1555 1062 1719 1105 domini
1747 1062 2050 1106 GLAMORGAN’
2083 1068 2124 1107 et

172 1150 389 1193 MORGAN'
421 1150 617 1194 omnibus
647 1152 702 1193 ad
732 1166 837 1207 quos
872 1154 1086 1207 presentes
1125 1152 1247 1194 litere
1288 1153 1558 1208 pervenerint
1597 1154 1791 1197 salutem.
1852 1154 2127 1212 Inspeximus

172 1244 386 1299 quoddam
408 1243 612 1299 scriptum
632 1243 905 1286 indentatum
927 1243 1090 1286 factum
1109 1244 1155 1286 in
1175 1244 1252 1286 hec
1273 1244 1400 1287 verba
1418 1260 1488 1287 1—-

235 1334 311 1389 (l.)
346 1333 513 1376 Notum
534 1334 588 1377 sit
609 1333 806 1376 omnibus
826 1334 905 1376 hoc
926 1334 1130 1390 scriptum
1159 1335 1312 1378 visuris
1342 1336 1410 1378 vel
1437 1336 1647 1379 audituris
1677 1338 1791 1393 quod
1820 1337 1955 1381 frater
1983 1338 2125 1382 ADAM

172 1426 225 1468 de
255 1424 584 1467 KAERMERDYN
619 1424 809 1482 [divina]
844 1425 1118 1481 permissione
1149 1426 1279 1469 abbas
1320 1428 1372 1469 de
1413 1427 1552 1470 NETH
1583 1443 1756 1471 assensu
1791 1433 2022 1473 conventus
2061 1431 2126 1473 sui

173 1516 375 1559 concessit
396 1516 515 1558 dedit
535 1518 578 1558 et
598 1515 677 1558 hoc
696 1516 881 1571 presenti
913 1516 1067 1572 scripto
1098 1516 1393 1573 cirographato
1415 1518 1680 1561 confirmavit
1701 1520 1874 1563 domino
1896 1520 2127 1563 GILBERTo

172 1607 225 1649 de
247 1606 400 1648 OLARE
422 1606 566 1649 comiti
588 1605 898 1648 GLOUCESTRIE
916 1609 958 1649 et
972 1606 1278 1650 HERTFoRDm
1296 1609 1438 1651 omnia
1453 1612 1587 1651 terras
1602 1613 1644 1652 et
1659 1612 1903 1653 tenementa
1923 1627 1999 1654 sua
2019 1613 2071 1654 de
2084 1613 2127 1654 la

171 1697 404 1740 BRITTONE
436 1700 479 1740 et
507 1699 673 1753 partem
693 1699 902 1740 terrarum
924 1712 1097 1740 suarum
1128 1700 1180 1741 de
1200 1699 1403 1742 AssARTo
1433 1715 1509 1756 per
1538 1699 1704 1743 bundas
1735 1704 1777 1744 et
1804 1705 1938 1745 metas
1968 1703 2125 1758 positas

172 1788 331 1832 ibidem
352 1788 397 1830 in
421 1787 634 1844 presentia
654 1788 819 1830 comitis
840 1791 881 1831 et
897 1788 1062 1831 abbatis
1084 1804 1179 1831 cum
1197 1790 1392 1833 omnibus
1408 1791 1493 1833 suis
1508 1791 1790 1846 pertinentiis.
1853 1793 1914 1835 Et
1930 1794 2127 1837 similiter

172 1894 318 1922 omnes
338 1882 470 1921 terras
490 1879 603 1921 inter
623 1878 758 1921 NETH
785 1882 826 1921 et
849 1878 991 1921 TAWY
1012 1895 1086 1935 per
1106 1879 1271 1922 bundas
1300 1880 1569 1937 subscriptas.
1630 1882 1844 1926 Videlicet
1864 1900 1939 1940 per
1958 1885 2125 1929 bundas

171 1971 224 2012 de
255 1970 393 2013 NETH
425 1985 560 2025 usque
590 1970 834 2012 DYVELEYs
855 1972 896 2012 et
918 1971 970 2012 de
992 1970 1206 2014 DYVELYs
1228 1986 1360 2027 usque
1383 1972 1552 2015 HAVED
1579 1973 1795 2017 WENNOK
1817 1976 1924 2018 sicut
1947 1977 2035 2018 alta
2056 1977 2124 2019 via

169 2076 212 2104 se
233 2061 426 2103 extendit
448 2076 582 2117 usque
603 2061 773 2103 Rmno
796 2064 836 2103 et
858 2062 910 2103 de
932 2061 1101 2104 Rmno
1122 2077 1254 2118 usque
1276 2062 1541 2106 PANTASSER
1562 2067 1603 2107 et
1625 2065 1677 2107 de
1708 2065 1971 2110 PANTASSER
1991 2083 2124 2124 usque

171 2151 508 2194 THLOYNMAWR
528 2154 571 2193 et
591 2153 644 2193 de
663 2151 1000 2193 THLOYNMAWR
1020 2167 1153 2208 usque
1175 2152 1391 2196 CLUDACH
1413 2156 1456 2196 et
1476 2155 1534 2196 sic
1555 2170 1682 2211 supra
1701 2159 1891 2200 montem
1911 2159 1963 2200 de
1979 2158 2122 2202 TAWY

170 2258 303 2299 usque
334 2242 471 2285 LEGH
502 2245 545 2284 et
575 2243 628 2285 de
657 2242 795 2284 LEGH
826 2258 879 2285 ex
908 2246 1146 2286 transverso
1176 2245 1333 2287 montis
1364 2261 1496 2301 usque
1526 2245 1918 2291 LANTANEDEWEN
1946 2250 2054 2293 sicut
2078 2266 2121 2293 se

171 2333 364 2376 extendit
383 2333 429 2374 in
451 2332 716 2374 PEWERDYN
738 2336 780 2375 et
801 2335 853 2376 de
875 2333 1141 2376 PEWERDYN
1162 2350 1294 2390 usque
1316 2335 1468 2378 NETH.
1529 2336 1591 2379 Et
1620 2338 1794 2395 insuper
1820 2354 1969 2393 *omnes
1987 2343 2121 2384 terras

170 2439 266 2466 suas
286 2426 328 2466 et
349 2426 593 2466 tenementa
614 2424 667 2465 de
688 2423 883 2466 KNEIGH
905 2440 1001 2466 cum
1022 2425 1218 2468 omnibus
1247 2426 1332 2468 suis
1352 2427 1621 2483 pertinentiis
1640 2444 1715 2485 per
1735 2433 1870 2473 metas
1890 2434 1932 2473 et
1952 2431 2119 2475 bundas

170 2515 425 2571 subscriptas
459 2547 467 2556 .
501 2514 713 2557 Videlicet
734 2514 881 2557 subtus
901 2518 1091 2558 montem
1112 2517 1165 2559 de
1187 2517 1442 2560 COITFRANC
1462 2534 1594 2575 usque
1622 2521 1678 2562 ad
1698 2521 1939 2576 oppositum
1960 2524 2117 2579 capelle

169 2606 327 2649 Sancte
347 2605 637 2647 MARGARETE
659 2605 705 2646 in
725 2605 997 2661 longitudine
1018 2606 1167 2649 subtus
1188 2608 1393 2664 capellam
1414 2609 1522 2652 sicut
1542 2609 1681 2653 MORA
1703 2626 1746 2653 se
1766 2612 1920 2654 dividit
1941 2616 1982 2655 et
2003 2617 2115 2657 terra

169 2697 255 2738 uda
275 2698 318 2738 et
338 2695 445 2738 sicca
465 2697 508 2737 et
528 2695 580 2737 de
602 2694 793 2750 opposito
815 2696 973 2751 capelle
994 2697 1180 2751 predicte
1201 2714 1254 2740 ex
1274 2701 1511 2742 transverso
1533 2699 1670 2743 MORE
1698 2716 1830 2757 usque
1854 2702 2113 2747 PULKANAN

167 2786 380 2828 linealiter
415 2788 457 2828 et
492 2786 544 2827 de
577 2785 837 2828 PULKANAN
868 2787 1159 2830 descendendo
1189 2804 1322 2844 usque
1352 2805 1480 2833 mare.
1562 2790 1699 2834 Salvis
1729 2793 1866 2835 eidem
1896 2794 2040 2837 abbati
2071 2799 2112 2838 et

168 2876 469 2920 successoribus
489 2876 575 2918 suis
604 2876 793 2932 piscariis
824 2879 866 2919 et
892 2877 1137 2934 gurgitibus
1168 2882 1210 2921 et
1240 2880 1500 2924 aisiamentis
1530 2883 1585 2924 ad
1615 2884 1824 2938 predictas
1853 2884 2051 2940 piscarias
2071 2890 2111 2928 et

166 2967 359 3024 gurgites
379 2966 690 3022 pertinentibus
710 2967 822 3008 inter
843 2967 1058 3011 abbatiam
1079 2984 1200 3012 suam
1221 2974 1262 3013 et
1283 2986 1398 3014 mare
1419 2974 1461 3014 et
1489 2973 1619 3015 etiam
1638 2978 1758 3029 parte
1779 2989 1855 3017 sua
1875 2975 1921 3017 in
1941 2977 2112 3032 gurgite
