<?xml version="1.0" encoding="UTF-8"?>
<!DOCTYPE html PUBLIC "-//W3C//DTD XHTML 1.0 Transitional//EN"
    "http://www.w3.org/TR/xhtml1/DTD/xhtml1-transitional.dtd">
<html xmlns="http://www.w3.org/1999/xhtml" xml:lang="en" lang="en">
 <head>
  <title>
</title>
<meta http-equiv="Content-Type" content="text/html;charset=utf-8" />
  <meta name='ocr-system' content='tesseract 3.04.00' />
  <meta name='ocr-capabilities' content='ocr_page ocr_carea ocr_par ocr_line ocrx_word'/>
</head>
<body>
  <div class='ocr_page' id='page_1' title='image "./cartaeetaliamuni05claruoft/cartaeetaliamuni05claruoft_0139.png"; bbox 0 0 2362 3392; ppageno 0'>
   <div class='ocr_carea' id='block_1_1' title="bbox 1922 200 2032 242">
    <p class='ocr_par' dir='ltr' id='par_1_1' title="bbox 1922 200 2032 242">
     <span class='ocr_line' id='line_1_1' title="bbox 1922 200 2032 242; baseline -0.009 0"><span class='ocrx_word' id='word_1_1' title='bbox 1922 200 2032 242; x_wconf 88' lang='grc'>1757</span> 
     </span>
    </p>
   </div>
   <div class='ocr_carea' id='block_1_2' title="bbox 941 521 1294 567">
    <p class='ocr_par' dir='ltr' id='par_1_2' title="bbox 941 521 1294 567">
     <span class='ocr_line' id='line_1_2' title="bbox 941 521 1294 567; baseline 0 -2"><span class='ocrx_word' id='word_1_2' title='bbox 941 521 1294 567; x_wconf 84' lang='lat' dir='ltr'>MGCLXVIII.</span> 
     </span>
    </p>
   </div>
   <div class='ocr_carea' id='block_1_3' title="bbox 145 626 2093 676">
    <p class='ocr_par' dir='ltr' id='par_1_3' title="bbox 145 626 2093 676">
     <span class='ocr_line' id='line_1_3' title="bbox 145 626 2093 676; baseline -0.001 -1"><span class='ocrx_word' id='word_1_3' title='bbox 145 626 521 676; x_wconf 79' lang='lat' dir='ltr'><strong>QUIT-OLAIM</strong></span> <span class='ocrx_word' id='word_1_4' title='bbox 561 627 640 671; x_wconf 95' lang='lat' dir='ltr'><strong>OF</strong></span> <span class='ocrx_word' id='word_1_5' title='bbox 693 628 957 672; x_wconf 83' lang='lat' dir='ltr'><strong>JANKYN</strong></span> <span class='ocrx_word' id='word_1_6' title='bbox 1011 629 1290 673; x_wconf 86' lang='lat' dir='ltr'><strong>DAUKYN</strong></span> <span class='ocrx_word' id='word_1_7' title='bbox 1344 629 1420 673; x_wconf 86' lang='grc' dir='ltr'><strong>ΤΟ</strong></span> <span class='ocrx_word' id='word_1_8' title='bbox 1475 630 1680 675; x_wconf 91' lang='lat' dir='ltr'><strong>DAVID</strong></span> <span class='ocrx_word' id='word_1_9' title='bbox 1732 630 1815 674; x_wconf 91' lang='lat' dir='ltr'><strong>AP</strong></span> <span class='ocrx_word' id='word_1_10' title='bbox 1866 630 2093 674; x_wconf 80' lang='lat' dir='ltr'>HERRY</span> 
     </span>
    </p>
   </div>
   <div class='ocr_carea' id='block_1_4' title="bbox 287 718 2093 863">
    <p class='ocr_par' dir='ltr' id='par_1_4' title="bbox 287 718 2093 863">
     <span class='ocr_line' id='line_1_4' title="bbox 287 718 2093 765; baseline 0.002 -3"><span class='ocrx_word' id='word_1_11' title='bbox 287 719 421 762; x_wconf 90' lang='lat' dir='ltr'><strong>AND</strong></span> <span class='ocrx_word' id='word_1_12' title='bbox 483 718 592 762; x_wconf 84' lang='lat' dir='ltr'><strong>HIS</strong></span> <span class='ocrx_word' id='word_1_13' title='bbox 653 719 822 763; x_wconf 87' lang='lat' dir='ltr'><strong>WIFE</strong></span> <span class='ocrx_word' id='word_1_14' title='bbox 883 720 961 764; x_wconf 92' lang='lat' dir='ltr'><strong>OF</strong></span> <span class='ocrx_word' id='word_1_15' title='bbox 1021 720 1152 764; x_wconf 79' lang='lat' dir='ltr'><strong>THE</strong></span> <span class='ocrx_word' id='word_1_16' title='bbox 1222 721 1725 765; x_wconf 75' lang='lat' dir='ltr'><strong>HALF-BURGAGE</strong></span> <span class='ocrx_word' id='word_1_17' title='bbox 1796 721 1868 765; x_wconf 92' lang='lat' dir='ltr'><strong>IN</strong></span> <span class='ocrx_word' id='word_1_18' title='bbox 1927 721 2093 765; x_wconf 81' lang='lat' dir='ltr'><strong>FROG</strong></span> 
     </span>
     <span class='ocr_line' id='line_1_5' title="bbox 289 809 898 863; baseline 0 -10"><span class='ocrx_word' id='word_1_19' title='bbox 289 809 540 863; x_wconf 80' lang='lat' dir='ltr'>STREET,</span> <span class='ocrx_word' id='word_1_20' title='bbox 582 809 898 855; x_wconf 79' lang='lat' dir='ltr'>SWANSEA.</span> 
     </span>
    </p>
   </div>
   <div class='ocr_carea' id='block_1_5' title="bbox 138 918 2097 2706">
    <p class='ocr_par' dir='ltr' id='par_1_5' title="bbox 1003 918 2035 1055">
     <span class='ocr_line' id='line_1_6' title="bbox 1003 918 1255 976; baseline 0.004 -15"><span class='ocrx_word' id='word_1_21' title='bbox 1003 918 1078 975; x_wconf 75' lang='lat' dir='ltr'><strong>[G.</strong></span> <span class='ocrx_word' id='word_1_22' title='bbox 1103 919 1155 962; x_wconf 82' lang='lat' dir='ltr'><strong>G.</strong></span> <span class='ocrx_word' id='word_1_23' title='bbox 1179 919 1255 976; x_wconf 86' lang='lat' dir='ltr'><strong>F.]</strong></span> 
     </span>
     <span class='ocr_line' id='line_1_7' title="bbox 1257 1010 2035 1055; baseline 0 -2"><span class='ocrx_word' id='word_1_24' title='bbox 1257 1012 1310 1053; x_wconf 81' lang='lat'><strong>12</strong></span> <span class='ocrx_word' id='word_1_25' title='bbox 1332 1011 1448 1054; x_wconf 89' lang='lat' dir='ltr'>Nov.</span> <span class='ocrx_word' id='word_1_26' title='bbox 1513 1012 1565 1053; x_wconf 90' lang='grc'><strong>15</strong></span> <span class='ocrx_word' id='word_1_27' title='bbox 1587 1011 1714 1054; x_wconf 82' lang='grc' dir='ltr'><strong>ΗΕΝ.</strong></span> <span class='ocrx_word' id='word_1_28' title='bbox 1738 1010 1847 1055; x_wconf 87' lang='lat' dir='ltr'>VII.</span> <span class='ocrx_word' id='word_1_29' title='bbox 1911 1012 2035 1053; x_wconf 85' lang='lat'>1499.</span> 
     </span>
    </p>

    <p class='ocr_par' dir='ltr' id='par_1_6' title="bbox 138 1101 2097 2598">
     <span class='ocr_line' id='line_1_8' title="bbox 201 1101 2096 1158; baseline 0 -14"><span class='ocrx_word' id='word_1_30' title='bbox 201 1101 413 1145; x_wconf 87' lang='lat' dir='ltr'><strong>Noverint</strong></span> <span class='ocrx_word' id='word_1_31' title='bbox 434 1101 621 1144; x_wconf 88' lang='lat' dir='ltr'><strong>universi</strong></span> <span class='ocrx_word' id='word_1_32' title='bbox 641 1117 717 1158; x_wconf 90' lang='lat' dir='ltr'><strong>per</strong></span> <span class='ocrx_word' id='word_1_33' title='bbox 737 1105 952 1157; x_wconf 77' lang='lat' dir='ltr'><strong>presentes</strong></span> <span class='ocrx_word' id='word_1_34' title='bbox 973 1116 1040 1144; x_wconf 90' lang='lat' dir='ltr'><strong>me</strong></span> <span class='ocrx_word' id='word_1_35' title='bbox 1062 1101 1092 1144; x_wconf 88' lang='lat' dir='ltr'><strong>J</strong></span> <span class='ocrx_word' id='word_1_36' title='bbox 1094 1101 1267 1143; x_wconf 83' lang='lat' dir='ltr'>ANKYN&#39;</span> <span class='ocrx_word' id='word_1_37' title='bbox 1283 1101 1501 1144; x_wconf 80' lang='lat' dir='ltr'>DAUKYN&#39;</span> <span class='ocrx_word' id='word_1_38' title='bbox 1520 1103 1571 1144; x_wconf 89' lang='lat' dir='ltr'><strong>de</strong></span> <span class='ocrx_word' id='word_1_39' title='bbox 1592 1102 1870 1144; x_wconf 74' lang='lat' dir='ltr'>SWAYNESEY</span> <span class='ocrx_word' id='word_1_40' title='bbox 1889 1102 2096 1144; x_wconf 81' lang='lat' dir='ltr'><strong>remisisse</strong></span> 
     </span>
     <span class='ocr_line' id='line_1_9' title="bbox 142 1191 2093 1249; baseline 0 -15"><span class='ocrx_word' id='word_1_41' title='bbox 142 1192 350 1235; x_wconf 80' lang='lat' dir='ltr'><strong>relaxasse</strong></span> <span class='ocrx_word' id='word_1_42' title='bbox 372 1195 414 1234; x_wconf 87' lang='lat' dir='ltr'><strong>et</strong></span> <span class='ocrx_word' id='word_1_43' title='bbox 435 1192 608 1234; x_wconf 89' lang='lat' dir='ltr'><strong>omnino</strong></span> <span class='ocrx_word' id='word_1_44' title='bbox 629 1207 705 1248; x_wconf 87' lang='lat' dir='ltr'><strong>pro</strong></span> <span class='ocrx_word' id='word_1_45' title='bbox 722 1207 790 1234; x_wconf 91' lang='lat' dir='ltr'><strong>me</strong></span> <span class='ocrx_word' id='word_1_46' title='bbox 811 1191 1037 1235; x_wconf 84' lang='lat' dir='ltr'><strong>heredibus</strong></span> <span class='ocrx_word' id='word_1_47' title='bbox 1058 1195 1100 1235; x_wconf 89' lang='lat' dir='ltr'><strong>et</strong></span> <span class='ocrx_word' id='word_1_48' title='bbox 1123 1193 1348 1249; x_wconf 86' lang='lat' dir='ltr'><strong>assignatis</strong></span> <span class='ocrx_word' id='word_1_49' title='bbox 1368 1193 1473 1236; x_wconf 87' lang='lat' dir='ltr'><strong>meis</strong></span> <span class='ocrx_word' id='word_1_50' title='bbox 1494 1193 1686 1249; x_wconf 90' lang='lat' dir='ltr'><strong>quietum</strong></span> <span class='ocrx_word' id='word_1_51' title='bbox 1708 1193 1907 1236; x_wconf 81' lang='lat' dir='ltr'><strong>clamasse</strong></span> <span class='ocrx_word' id='word_1_52' title='bbox 1939 1193 2093 1235; x_wconf 75' lang='lat' dir='ltr'><strong>DAvm</strong></span> 
     </span>
     <span class='ocr_line' id='line_1_10' title="bbox 143 1282 2095 1341; baseline 0.001 -17"><span class='ocrx_word' id='word_1_53' title='bbox 143 1297 197 1339; x_wconf 91' lang='lat' dir='ltr'><strong>ap</strong></span> <span class='ocrx_word' id='word_1_54' title='bbox 228 1282 399 1325; x_wconf 75' lang='lat' dir='ltr'><strong>HERRY</strong></span> <span class='ocrx_word' id='word_1_55' title='bbox 432 1287 474 1324; x_wconf 86' lang='lat' dir='ltr'><strong>et</strong></span> <span class='ocrx_word' id='word_1_56' title='bbox 502 1282 789 1325; x_wconf 79' lang='lat' dir='ltr'><strong>GWENLLIAN</strong></span> <span class='ocrx_word' id='word_1_57' title='bbox 821 1283 944 1325; x_wconf 87' lang='lat' dir='ltr'><strong>uxori</strong></span> <span class='ocrx_word' id='word_1_58' title='bbox 972 1298 1046 1324; x_wconf 86' lang='lat' dir='ltr'><strong>sue</strong></span> <span class='ocrx_word' id='word_1_59' title='bbox 1077 1283 1302 1326; x_wconf 85' lang='lat' dir='ltr'><strong>heredibus</strong></span> <span class='ocrx_word' id='word_1_60' title='bbox 1330 1287 1372 1326; x_wconf 88' lang='lat' dir='ltr'><strong>et</strong></span> <span class='ocrx_word' id='word_1_61' title='bbox 1408 1284 1634 1341; x_wconf 85' lang='lat' dir='ltr'><strong>assignatis</strong></span> <span class='ocrx_word' id='word_1_62' title='bbox 1661 1284 1748 1326; x_wconf 88' lang='lat' dir='ltr'><strong>suis</strong></span> <span class='ocrx_word' id='word_1_63' title='bbox 1781 1285 2095 1340; x_wconf 74' lang='lat' dir='ltr'><strong>imperpetuum</strong></span> 
     </span>
     <span class='ocr_line' id='line_1_11' title="bbox 142 1373 2095 1431; baseline 0.002 -16"><span class='ocrx_word' id='word_1_64' title='bbox 142 1375 281 1415; x_wconf 85' lang='lat' dir='ltr'><strong>totum</strong></span> <span class='ocrx_word' id='word_1_65' title='bbox 301 1388 314 1429; x_wconf 99' lang='lat' dir='ltr'>J</span> <span class='ocrx_word' id='word_1_66' title='bbox 323 1388 372 1415; x_wconf 89' lang='lat' dir='ltr'><strong>us</strong></span> <span class='ocrx_word' id='word_1_67' title='bbox 391 1387 536 1415; x_wconf 89' lang='lat' dir='ltr'><strong>meum</strong></span> <span class='ocrx_word' id='word_1_68' title='bbox 556 1373 734 1414; x_wconf 85' lang='lat' dir='ltr'><strong>titulum</strong></span> <span class='ocrx_word' id='word_1_69' title='bbox 756 1374 798 1415; x_wconf 86' lang='lat' dir='ltr'><strong>et</strong></span> <span class='ocrx_word' id='word_1_70' title='bbox 819 1373 1029 1414; x_wconf 84' lang='lat' dir='ltr'><strong>olameum</strong></span> <span class='ocrx_word' id='word_1_71' title='bbox 1050 1388 1131 1428; x_wconf 88' lang='lat' dir='ltr'><strong>que</strong></span> <span class='ocrx_word' id='word_1_72' title='bbox 1161 1390 1350 1430; x_wconf 85' lang='lat' dir='ltr'><strong>unquam</strong></span> <span class='ocrx_word' id='word_1_73' title='bbox 1380 1374 1511 1417; x_wconf 89' lang='lat' dir='ltr'><strong>habui</strong></span> <span class='ocrx_word' id='word_1_74' title='bbox 1543 1374 1678 1418; x_wconf 90' lang='lat' dir='ltr'><strong>habeo</strong></span> <span class='ocrx_word' id='word_1_75' title='bbox 1711 1390 1785 1418; x_wconf 89' lang='lat' dir='ltr'><strong>seu</strong></span> <span class='ocrx_word' id='word_1_76' title='bbox 1820 1375 2095 1431; x_wconf 86' lang='lat' dir='ltr'><strong>quovismodo</strong></span> 
     </span>
     <span class='ocr_line' id='line_1_12' title="bbox 143 1463 2097 1522; baseline 0.001 -16"><span class='ocrx_word' id='word_1_77' title='bbox 143 1463 297 1506; x_wconf 91' lang='lat' dir='ltr'><strong>habere</strong></span> <span class='ocrx_word' id='word_1_78' title='bbox 318 1466 464 1519; x_wconf 90' lang='lat' dir='ltr'><strong>potero</strong></span> <span class='ocrx_word' id='word_1_79' title='bbox 486 1463 531 1505; x_wconf 87' lang='lat' dir='ltr'><strong>in</strong></span> <span class='ocrx_word' id='word_1_80' title='bbox 553 1463 701 1505; x_wconf 81' lang='lat' dir='ltr'><strong>futuro</strong></span> <span class='ocrx_word' id='word_1_81' title='bbox 723 1464 775 1505; x_wconf 90' lang='lat' dir='ltr'><strong>de</strong></span> <span class='ocrx_word' id='word_1_82' title='bbox 793 1466 835 1505; x_wconf 89' lang='lat' dir='ltr'><strong>et</strong></span> <span class='ocrx_word' id='word_1_83' title='bbox 847 1464 893 1506; x_wconf 91' lang='lat' dir='ltr'><strong>in</strong></span> <span class='ocrx_word' id='word_1_84' title='bbox 906 1464 1136 1506; x_wconf 71' lang='lat' dir='ltr'><strong>medietate</strong></span> <span class='ocrx_word' id='word_1_85' title='bbox 1156 1465 1283 1507; x_wconf 87' lang='lat' dir='ltr'><strong>unius</strong></span> <span class='ocrx_word' id='word_1_86' title='bbox 1295 1465 1496 1522; x_wconf 85' lang='lat' dir='ltr'><strong>burgagii</strong></span> <span class='ocrx_word' id='word_1_87' title='bbox 1513 1481 1608 1509; x_wconf 88' lang='lat' dir='ltr'><strong>oum</strong></span> <span class='ocrx_word' id='word_1_88' title='bbox 1630 1466 1902 1522; x_wconf 78' lang='lat' dir='ltr'><strong>pertinenciis</strong></span> <span class='ocrx_word' id='word_1_89' title='bbox 1916 1466 2097 1522; x_wconf 79' lang='lat' dir='ltr'><strong>jacentis</strong></span> 
     </span>
     <span class='ocr_line' id='line_1_13' title="bbox 142 1553 2095 1613; baseline 0.002 -17"><span class='ocrx_word' id='word_1_90' title='bbox 142 1555 188 1596; x_wconf 89' lang='lat' dir='ltr'><strong>in</strong></span> <span class='ocrx_word' id='word_1_91' title='bbox 209 1554 312 1597; x_wconf 87' lang='lat' dir='ltr'><strong>villa</strong></span> <span class='ocrx_word' id='word_1_92' title='bbox 334 1555 386 1596; x_wconf 89' lang='lat' dir='ltr'><strong>de</strong></span> <span class='ocrx_word' id='word_1_93' title='bbox 409 1553 691 1596; x_wconf 78' lang='lat' dir='ltr'>SWAYNESEY</span> <span class='ocrx_word' id='word_1_94' title='bbox 711 1554 824 1597; x_wconf 88' lang='lat' dir='ltr'><strong>inter</strong></span> <span class='ocrx_word' id='word_1_95' title='bbox 844 1557 1139 1598; x_wconf 82' lang='lat' dir='ltr'><strong>tenementum</strong></span> <span class='ocrx_word' id='word_1_96' title='bbox 1160 1556 1189 1599; x_wconf 87' lang='lat' dir='ltr'><strong>J</strong></span> <span class='ocrx_word' id='word_1_97' title='bbox 1192 1571 1380 1599; x_wconf 83' lang='lat' dir='ltr'>OHANNE</span> <span class='ocrx_word' id='word_1_98' title='bbox 1402 1572 1456 1613; x_wconf 86' lang='lat' dir='ltr'><strong>ap</strong></span> <span class='ocrx_word' id='word_1_99' title='bbox 1478 1556 1667 1600; x_wconf 74' lang='lat' dir='ltr'><strong>THoMAs</strong></span> <span class='ocrx_word' id='word_1_100' title='bbox 1688 1572 1742 1613; x_wconf 87' lang='lat' dir='ltr'><strong>ap</strong></span> <span class='ocrx_word' id='word_1_101' title='bbox 1763 1557 1793 1600; x_wconf 88' lang='lat' dir='ltr'><strong>J</strong></span> <span class='ocrx_word' id='word_1_102' title='bbox 1796 1572 1918 1599; x_wconf 85' lang='lat' dir='ltr'><strong>EVAN</strong></span> <span class='ocrx_word' id='word_1_103' title='bbox 1939 1557 2095 1600; x_wconf 79' lang='lat' dir='ltr'><strong>LLoYD</strong></span> 
     </span>
     <span class='ocr_line' id='line_1_14' title="bbox 141 1645 2095 1704; baseline 0.002 -17"><span class='ocrx_word' id='word_1_104' title='bbox 141 1661 194 1688; x_wconf 85' lang='lat' dir='ltr'><strong>ex</strong></span> <span class='ocrx_word' id='word_1_105' title='bbox 216 1649 335 1702; x_wconf 87' lang='lat' dir='ltr'><strong>parte</strong></span> <span class='ocrx_word' id='word_1_106' title='bbox 356 1645 553 1688; x_wconf 86' lang='lat' dir='ltr'><strong>orientali</strong></span> <span class='ocrx_word' id='word_1_107' title='bbox 575 1649 617 1687; x_wconf 88' lang='lat' dir='ltr'><strong>et</strong></span> <span class='ocrx_word' id='word_1_108' title='bbox 637 1648 934 1688; x_wconf 89' lang='lat' dir='ltr'><strong>tenementum</strong></span> <span class='ocrx_word' id='word_1_109' title='bbox 956 1646 1124 1689; x_wconf 80' lang='grc' dir='ltr'><strong>ΤΗΟΜΕ</strong></span> <span class='ocrx_word' id='word_1_110' title='bbox 1148 1646 1326 1690; x_wconf 81' lang='lat' dir='ltr'>CRADOC</span> <span class='ocrx_word' id='word_1_111' title='bbox 1347 1663 1400 1690; x_wconf 88' lang='lat' dir='ltr'><strong>ex</strong></span> <span class='ocrx_word' id='word_1_112' title='bbox 1420 1650 1540 1704; x_wconf 87' lang='lat' dir='ltr'><strong>parte</strong></span> <span class='ocrx_word' id='word_1_113' title='bbox 1563 1648 1813 1691; x_wconf 75' lang='lat' dir='ltr'><strong>occidentali</strong></span> <span class='ocrx_word' id='word_1_114' title='bbox 1834 1650 1877 1690; x_wconf 90' lang='lat' dir='ltr'><strong>et</strong></span> <span class='ocrx_word' id='word_1_115' title='bbox 1902 1648 2095 1691; x_wconf 83' lang='lat' dir='ltr'><strong>extendit</strong></span> 
     </span>
     <span class='ocr_line' id='line_1_15' title="bbox 143 1735 2090 1794; baseline 0.002 -15"><span class='ocrx_word' id='word_1_116' title='bbox 143 1752 185 1779; x_wconf 89' lang='lat' dir='ltr'><strong>se</strong></span> <span class='ocrx_word' id='word_1_117' title='bbox 206 1736 259 1780; x_wconf 90' lang='lat' dir='ltr'><strong>ab</strong></span> <span class='ocrx_word' id='word_1_118' title='bbox 280 1737 367 1779; x_wconf 90' lang='lat' dir='ltr'><strong>alta</strong></span> <span class='ocrx_word' id='word_1_119' title='bbox 387 1739 520 1778; x_wconf 83' lang='lat' dir='ltr'><strong>strata</strong></span> <span class='ocrx_word' id='word_1_120' title='bbox 540 1739 688 1779; x_wconf 84' lang='lat' dir='ltr'><strong>vocata</strong></span> <span class='ocrx_word' id='word_1_121' title='bbox 709 1737 835 1778; x_wconf 79' lang='lat' dir='ltr'><strong>FROG</strong></span> <span class='ocrx_word' id='word_1_122' title='bbox 858 1735 1002 1779; x_wconf 78' lang='lat' dir='ltr'>STRET</span> <span class='ocrx_word' id='word_1_123' title='bbox 1024 1753 1076 1779; x_wconf 88' lang='lat' dir='ltr'><strong>ex</strong></span> <span class='ocrx_word' id='word_1_124' title='bbox 1096 1741 1217 1793; x_wconf 87' lang='lat' dir='ltr'><strong>parte</strong></span> <span class='ocrx_word' id='word_1_125' title='bbox 1246 1738 1398 1781; x_wconf 87' lang='lat' dir='ltr'><strong>boriali</strong></span> <span class='ocrx_word' id='word_1_126' title='bbox 1427 1753 1560 1794; x_wconf 89' lang='lat' dir='ltr'><strong>usque</strong></span> <span class='ocrx_word' id='word_1_127' title='bbox 1585 1739 1641 1781; x_wconf 88' lang='lat' dir='ltr'><strong>ad</strong></span> <span class='ocrx_word' id='word_1_128' title='bbox 1665 1738 1822 1781; x_wconf 80' lang='lat' dir='ltr'><strong>fossam</strong></span> <span class='ocrx_word' id='word_1_129' title='bbox 1847 1739 1957 1782; x_wconf 77' lang='lat' dir='ltr'><strong>dicte</strong></span> <span class='ocrx_word' id='word_1_130' title='bbox 1990 1739 2090 1782; x_wconf 83' lang='lat' dir='ltr'><strong>ville</strong></span> 
     </span>
     <span class='ocr_line' id='line_1_16' title="bbox 145 1827 2096 1885; baseline 0.002 -16"><span class='ocrx_word' id='word_1_131' title='bbox 145 1843 197 1870; x_wconf 89' lang='lat' dir='ltr'><strong>ex</strong></span> <span class='ocrx_word' id='word_1_132' title='bbox 217 1830 338 1883; x_wconf 88' lang='lat' dir='ltr'><strong>parte</strong></span> <span class='ocrx_word' id='word_1_133' title='bbox 359 1827 546 1869; x_wconf 89' lang='lat' dir='ltr'><strong>australi.</strong></span> <span class='ocrx_word' id='word_1_134' title='bbox 610 1827 681 1870; x_wconf 85' lang='lat' dir='ltr'><strong>Ita</strong></span> <span class='ocrx_word' id='word_1_135' title='bbox 709 1828 906 1871; x_wconf 81' lang='lat' dir='ltr'><strong>videlicet</strong></span> <span class='ocrx_word' id='word_1_136' title='bbox 935 1830 1049 1884; x_wconf 91' lang='lat' dir='ltr'><strong>quod</strong></span> <span class='ocrx_word' id='word_1_137' title='bbox 1081 1844 1158 1872; x_wconf 84' lang='lat' dir='ltr'><strong>neo</strong></span> <span class='ocrx_word' id='word_1_138' title='bbox 1191 1844 1269 1885; x_wconf 85' lang='lat' dir='ltr'><strong>ego</strong></span> <span class='ocrx_word' id='word_1_139' title='bbox 1294 1830 1508 1885; x_wconf 84' lang='lat' dir='ltr'><strong>predictus</strong></span> <span class='ocrx_word' id='word_1_140' title='bbox 1534 1830 1564 1873; x_wconf 84' lang='lat' dir='ltr'><strong>J</strong></span> <span class='ocrx_word' id='word_1_141' title='bbox 1566 1830 1740 1872; x_wconf 83' lang='lat' dir='ltr'>ANKYN&#39;</span> <span class='ocrx_word' id='word_1_142' title='bbox 1770 1830 1987 1872; x_wconf 76' lang='lat' dir='ltr'>DAUKYN&#39;</span> <span class='ocrx_word' id='word_1_143' title='bbox 2019 1845 2096 1873; x_wconf 81' lang='lat' dir='ltr'><strong>neo</strong></span> 
     </span>
     <span class='ocr_line' id='line_1_17' title="bbox 142 1919 2093 1976; baseline 0.002 -16"><span class='ocrx_word' id='word_1_144' title='bbox 142 1919 317 1961; x_wconf 87' lang='lat' dir='ltr'><strong>heredes</strong></span> <span class='ocrx_word' id='word_1_145' title='bbox 336 1919 404 1960; x_wconf 87' lang='lat' dir='ltr'><strong>vel</strong></span> <span class='ocrx_word' id='word_1_146' title='bbox 425 1919 628 1974; x_wconf 83' lang='lat' dir='ltr'><strong>assignati</strong></span> <span class='ocrx_word' id='word_1_147' title='bbox 652 1919 737 1961; x_wconf 88' lang='lat' dir='ltr'><strong>mei</strong></span> <span class='ocrx_word' id='word_1_148' title='bbox 757 1934 835 1961; x_wconf 88' lang='lat' dir='ltr'><strong>nee</strong></span> <span class='ocrx_word' id='word_1_149' title='bbox 857 1919 1010 1975; x_wconf 85' lang='lat' dir='ltr'><strong>aliquis</strong></span> <span class='ocrx_word' id='word_1_150' title='bbox 1031 1920 1140 1962; x_wconf 89' lang='lat' dir='ltr'><strong>alius</strong></span> <span class='ocrx_word' id='word_1_151' title='bbox 1160 1935 1234 1975; x_wconf 91' lang='lat' dir='ltr'><strong>per</strong></span> <span class='ocrx_word' id='word_1_152' title='bbox 1266 1935 1342 1962; x_wconf 90' lang='lat' dir='ltr'><strong>nos</strong></span> <span class='ocrx_word' id='word_1_153' title='bbox 1377 1935 1453 1976; x_wconf 93' lang='lat' dir='ltr'><strong>pro</strong></span> <span class='ocrx_word' id='word_1_154' title='bbox 1485 1920 1607 1963; x_wconf 90' lang='lat' dir='ltr'><strong>nobis</strong></span> <span class='ocrx_word' id='word_1_155' title='bbox 1639 1936 1712 1964; x_wconf 87' lang='lat' dir='ltr'><strong>seu</strong></span> <span class='ocrx_word' id='word_1_156' title='bbox 1743 1921 1916 1964; x_wconf 89' lang='lat' dir='ltr'><strong>nomine</strong></span> <span class='ocrx_word' id='word_1_157' title='bbox 1950 1924 2093 1964; x_wconf 91' lang='lat' dir='ltr'><strong>nostro</strong></span> 
     </span>
     <span class='ocr_line' id='line_1_18' title="bbox 147 2010 2093 2069; baseline 0.002 -17"><span class='ocrx_word' id='word_1_158' title='bbox 147 2010 320 2065; x_wconf 86' lang='lat' dir='ltr'><strong>aliquod</strong></span> <span class='ocrx_word' id='word_1_159' title='bbox 352 2025 365 2065; x_wconf 94' lang='lat' dir='ltr'>J</span> <span class='ocrx_word' id='word_1_160' title='bbox 373 2025 421 2051; x_wconf 87' lang='lat' dir='ltr'><strong>us</strong></span> <span class='ocrx_word' id='word_1_161' title='bbox 451 2010 628 2052; x_wconf 82' lang='lat' dir='ltr'><strong>titulum</strong></span> <span class='ocrx_word' id='word_1_162' title='bbox 650 2010 717 2052; x_wconf 90' lang='lat' dir='ltr'><strong>vel</strong></span> <span class='ocrx_word' id='word_1_163' title='bbox 738 2010 945 2052; x_wconf 82' lang='lat' dir='ltr'><strong>elameum</strong></span> <span class='ocrx_word' id='word_1_164' title='bbox 966 2011 1012 2052; x_wconf 88' lang='lat' dir='ltr'><strong>in</strong></span> <span class='ocrx_word' id='word_1_165' title='bbox 1028 2010 1216 2066; x_wconf 77' lang='lat' dir='ltr'><strong>predicta</strong></span> <span class='ocrx_word' id='word_1_166' title='bbox 1237 2011 1464 2053; x_wconf 86' lang='lat' dir='ltr'><strong>medietate</strong></span> <span class='ocrx_word' id='word_1_167' title='bbox 1479 2011 1607 2054; x_wconf 85' lang='lat' dir='ltr'><strong>unius</strong></span> <span class='ocrx_word' id='word_1_168' title='bbox 1626 2011 1828 2068; x_wconf 84' lang='lat' dir='ltr'><strong>burgagii</strong></span> <span class='ocrx_word' id='word_1_169' title='bbox 1848 2027 1944 2055; x_wconf 85' lang='lat' dir='ltr'><strong>oum</strong></span> <span class='ocrx_word' id='word_1_170' title='bbox 1964 2013 2093 2069; x_wconf 88' lang='lat' dir='ltr'><strong>perti-</strong></span> 
     </span>
     <span class='ocr_line' id='line_1_19' title="bbox 144 2100 2093 2158; baseline 0.002 -16"><span class='ocrx_word' id='word_1_171' title='bbox 144 2100 303 2142; x_wconf 78' lang='lat' dir='ltr'><strong>nenciis</strong></span> <span class='ocrx_word' id='word_1_172' title='bbox 343 2115 419 2142; x_wconf 86' lang='lat' dir='ltr'><strong>neo</strong></span> <span class='ocrx_word' id='word_1_173' title='bbox 458 2100 504 2142; x_wconf 90' lang='lat' dir='ltr'><strong>in</strong></span> <span class='ocrx_word' id='word_1_174' title='bbox 544 2101 688 2157; x_wconf 87' lang='lat' dir='ltr'><strong>aliqua</strong></span> <span class='ocrx_word' id='word_1_175' title='bbox 728 2101 827 2143; x_wconf 89' lang='lat' dir='ltr'><strong>inde</strong></span> <span class='ocrx_word' id='word_1_176' title='bbox 867 2101 1050 2157; x_wconf 80' lang='lat' dir='ltr'><strong>parcella</strong></span> <span class='ocrx_word' id='word_1_177' title='bbox 1090 2102 1280 2144; x_wconf 86' lang='lat' dir='ltr'><strong>deeetero</strong></span> <span class='ocrx_word' id='word_1_178' title='bbox 1321 2102 1489 2158; x_wconf 75' lang='lat' dir='ltr'><strong>exigere</strong></span> <span class='ocrx_word' id='word_1_179' title='bbox 1529 2103 1710 2146; x_wconf 84' lang='lat' dir='ltr'><strong>clamare</strong></span> <span class='ocrx_word' id='word_1_180' title='bbox 1751 2118 1825 2146; x_wconf 84' lang='lat' dir='ltr'><strong>seu</strong></span> <span class='ocrx_word' id='word_1_181' title='bbox 1871 2104 2093 2146; x_wconf 79' lang='lat' dir='ltr'><strong>vendicare</strong></span> 
     </span>
     <span class='ocr_line' id='line_1_20' title="bbox 145 2191 2089 2250; baseline 0.002 -16"><span class='ocrx_word' id='word_1_182' title='bbox 145 2191 376 2247; x_wconf 89' lang='lat' dir='ltr'><strong>poterimus</strong></span> <span class='ocrx_word' id='word_1_183' title='bbox 395 2206 472 2233; x_wconf 86' lang='lat' dir='ltr'><strong>neo</strong></span> <span class='ocrx_word' id='word_1_184' title='bbox 492 2191 694 2234; x_wconf 90' lang='lat' dir='ltr'><strong>debemus</strong></span> <span class='ocrx_word' id='word_1_185' title='bbox 714 2193 760 2234; x_wconf 89' lang='lat' dir='ltr'><strong>in</strong></span> <span class='ocrx_word' id='word_1_186' title='bbox 781 2192 928 2234; x_wconf 79' lang='lat' dir='ltr'><strong>futuro</strong></span> <span class='ocrx_word' id='word_1_187' title='bbox 959 2195 1020 2234; x_wconf 89' lang='lat' dir='ltr'><strong>set</strong></span> <span class='ocrx_word' id='word_1_188' title='bbox 1050 2191 1103 2234; x_wconf 90' lang='lat' dir='ltr'><strong>ab</strong></span> <span class='ocrx_word' id='word_1_189' title='bbox 1125 2192 1240 2234; x_wconf 87' lang='lat' dir='ltr'><strong>omni</strong></span> <span class='ocrx_word' id='word_1_190' title='bbox 1263 2193 1430 2236; x_wconf 79' lang='lat' dir='ltr'><strong>accione</strong></span> <span class='ocrx_word' id='word_1_191' title='bbox 1459 2194 1554 2250; x_wconf 83' lang='lat' dir='ltr'><strong>J‘ure</strong></span> <span class='ocrx_word' id='word_1_192' title='bbox 1584 2194 1711 2237; x_wconf 79' lang='lat' dir='ltr'><strong>titulo</strong></span> <span class='ocrx_word' id='word_1_193' title='bbox 1732 2195 1800 2237; x_wconf 84' lang='lat' dir='ltr'><strong>vel</strong></span> <span class='ocrx_word' id='word_1_194' title='bbox 1821 2195 1969 2238; x_wconf 87' lang='lat' dir='ltr'><strong>clamei</strong></span> <span class='ocrx_word' id='word_1_195' title='bbox 1989 2195 2089 2238; x_wconf 89' lang='lat' dir='ltr'><strong>inde</strong></span> 
     </span>
     <span class='ocr_line' id='line_1_21' title="bbox 141 2281 2085 2340; baseline 0.003 -17"><span class='ocrx_word' id='word_1_196' title='bbox 141 2281 310 2337; x_wconf 88' lang='lat' dir='ltr'><strong>penitus</strong></span> <span class='ocrx_word' id='word_1_197' title='bbox 331 2281 461 2323; x_wconf 88' lang='lat' dir='ltr'><strong>simus</strong></span> <span class='ocrx_word' id='word_1_198' title='bbox 482 2281 639 2324; x_wconf 80' lang='lat' dir='ltr'><strong>exclusi</strong></span> <span class='ocrx_word' id='word_1_199' title='bbox 659 2282 973 2338; x_wconf 88' lang='lat' dir='ltr'><strong>imperpetuum</strong></span> <span class='ocrx_word' id='word_1_200' title='bbox 994 2297 1069 2338; x_wconf 92' lang='lat' dir='ltr'><strong>per</strong></span> <span class='ocrx_word' id='word_1_201' title='bbox 1088 2285 1312 2338; x_wconf 88' lang='lat' dir='ltr'><strong>presentes.</strong></span> <span class='ocrx_word' id='word_1_202' title='bbox 1375 2283 1431 2326; x_wconf 88' lang='lat' dir='ltr'><strong>In</strong></span> <span class='ocrx_word' id='word_1_203' title='bbox 1451 2284 1519 2340; x_wconf 85' lang='lat' dir='ltr'><strong>euJ‘</strong></span> <span class='ocrx_word' id='word_1_204' title='bbox 1525 2299 1575 2326; x_wconf 92' lang='lat' dir='ltr'><strong>us</strong></span> <span class='ocrx_word' id='word_1_205' title='bbox 1593 2284 1655 2327; x_wconf 88' lang='lat' dir='ltr'><strong>rei</strong></span> <span class='ocrx_word' id='word_1_206' title='bbox 1675 2285 1967 2328; x_wconf 83' lang='lat' dir='ltr'><strong>testimonium</strong></span> <span class='ocrx_word' id='word_1_207' title='bbox 1987 2285 2085 2329; x_wconf 84' lang='lat' dir='ltr'><strong>huie</strong></span> 
     </span>
     <span class='ocr_line' id='line_1_22' title="bbox 138 2372 2084 2429; baseline 0.002 -14"><span class='ocrx_word' id='word_1_208' title='bbox 138 2372 323 2429; x_wconf 85' lang='lat' dir='ltr'><strong>presenti</strong></span> <span class='ocrx_word' id='word_1_209' title='bbox 344 2372 497 2428; x_wconf 78' lang='lat' dir='ltr'><strong>scripto</strong></span> <span class='ocrx_word' id='word_1_210' title='bbox 530 2387 624 2414; x_wconf 90' lang='lat' dir='ltr'><strong>meo</strong></span> <span class='ocrx_word' id='word_1_211' title='bbox 658 2373 850 2429; x_wconf 85' lang='lat' dir='ltr'><strong>sigillum</strong></span> <span class='ocrx_word' id='word_1_212' title='bbox 885 2388 1029 2416; x_wconf 88' lang='lat' dir='ltr'><strong>meum</strong></span> <span class='ocrx_word' id='word_1_213' title='bbox 1061 2374 1249 2429; x_wconf 86' lang='lat' dir='ltr'><strong>apposui.</strong></span> <span class='ocrx_word' id='word_1_214' title='bbox 1312 2374 1416 2417; x_wconf 88' lang='lat' dir='ltr'><strong>Hiis</strong></span> <span class='ocrx_word' id='word_1_215' title='bbox 1447 2374 1625 2418; x_wconf 88' lang='lat' dir='ltr'><strong>testibus</strong></span> <span class='ocrx_word' id='word_1_216' title='bbox 1660 2409 1667 2418; x_wconf 92' lang='lat'><strong>.</strong></span> <span class='ocrx_word' id='word_1_217' title='bbox 1704 2375 1916 2418; x_wconf 78' lang='lat' dir='ltr'>ROBERTO</span> <span class='ocrx_word' id='word_1_218' title='bbox 1953 2376 2084 2419; x_wconf 79' lang='lat' dir='ltr'><strong>REED</strong></span> 
     </span>
     <span class='ocr_line' id='line_1_23' title="bbox 138 2462 2080 2519; baseline 0.002 -13"><span class='ocrx_word' id='word_1_219' title='bbox 138 2466 242 2506; x_wconf 85' lang='lat' dir='ltr'><strong>tuno</strong></span> <span class='ocrx_word' id='word_1_220' title='bbox 263 2462 472 2519; x_wconf 85' lang='lat' dir='ltr'><strong>preposito</strong></span> <span class='ocrx_word' id='word_1_221' title='bbox 493 2463 592 2504; x_wconf 87' lang='lat' dir='ltr'><strong>ville</strong></span> <span class='ocrx_word' id='word_1_222' title='bbox 614 2464 666 2505; x_wconf 90' lang='lat' dir='ltr'><strong>de</strong></span> <span class='ocrx_word' id='word_1_223' title='bbox 688 2462 964 2506; x_wconf 80' lang='lat' dir='ltr'><strong>SWAYNESEY</strong></span> <span class='ocrx_word' id='word_1_224' title='bbox 988 2498 996 2506; x_wconf 95' lang='lat'><strong><em>.</em></strong></span> <span class='ocrx_word' id='word_1_225' title='bbox 1020 2464 1049 2507; x_wconf 89' lang='lat' dir='ltr'><strong>J</strong></span> <span class='ocrx_word' id='word_1_226' title='bbox 1052 2478 1240 2507; x_wconf 73' lang='lat' dir='ltr'>OHANNE</span> <span class='ocrx_word' id='word_1_227' title='bbox 1263 2465 1465 2508; x_wconf 79' lang='lat' dir='ltr'><strong>RUSSELL</strong></span> <span class='ocrx_word' id='word_1_228' title='bbox 1490 2500 1498 2509; x_wconf 86' lang='lat'><strong>.</strong></span> <span class='ocrx_word' id='word_1_229' title='bbox 1522 2466 1781 2510; x_wconf 85' lang='lat' dir='ltr'>WlLLELMO</span> <span class='ocrx_word' id='word_1_230' title='bbox 1812 2466 2046 2510; x_wconf 82' lang='lat' dir='ltr'>THOMKYN</span> <span class='ocrx_word' id='word_1_231' title='bbox 2072 2502 2080 2510; x_wconf 93' lang='lat'><strong><em>.</em></strong></span> 
     </span>
     <span class='ocr_line' id='line_1_24' title="bbox 139 2552 1328 2598; baseline 0.002 -3"><span class='ocrx_word' id='word_1_232' title='bbox 139 2553 364 2596; x_wconf 79' lang='lat' dir='ltr'>PHILIPPO</span> <span class='ocrx_word' id='word_1_233' title='bbox 384 2552 489 2595; x_wconf 80' lang='lat' dir='ltr'><strong>DUY</strong></span> <span class='ocrx_word' id='word_1_234' title='bbox 507 2586 516 2595; x_wconf 91' lang='lat'><strong>.</strong></span> <span class='ocrx_word' id='word_1_235' title='bbox 538 2553 568 2595; x_wconf 87' lang='lat' dir='ltr'>J</span> <span class='ocrx_word' id='word_1_236' title='bbox 571 2567 759 2596; x_wconf 84' lang='lat' dir='ltr'>OHANNE</span> <span class='ocrx_word' id='word_1_237' title='bbox 780 2553 935 2596; x_wconf 80' lang='lat' dir='ltr'><strong>LLoYD</strong></span> <span class='ocrx_word' id='word_1_238' title='bbox 959 2588 967 2596; x_wconf 90' lang='lat'><strong>.</strong></span> <span class='ocrx_word' id='word_1_239' title='bbox 991 2557 1034 2596; x_wconf 82' lang='lat' dir='ltr'><strong>et</strong></span> <span class='ocrx_word' id='word_1_240' title='bbox 1054 2555 1201 2596; x_wconf 89' lang='lat' dir='ltr'><strong>multis</strong></span> <span class='ocrx_word' id='word_1_241' title='bbox 1221 2555 1328 2598; x_wconf 87' lang='lat' dir='ltr'><strong>aliis.</strong></span> 
     </span>
    </p>

    <p class='ocr_par' dir='ltr' id='par_1_7' title="bbox 199 2643 2086 2706">
     <span class='ocr_line' id='line_1_25' title="bbox 199 2643 2086 2706; baseline 0.004 -21"><span class='ocrx_word' id='word_1_242' title='bbox 199 2643 300 2686; x_wconf 88' lang='lat' dir='ltr'><strong>Dat’</strong></span> <span class='ocrx_word' id='word_1_243' title='bbox 332 2645 447 2700; x_wconf 88' lang='lat' dir='ltr'><strong>apud</strong></span> <span class='ocrx_word' id='word_1_244' title='bbox 478 2643 755 2686; x_wconf 77' lang='lat' dir='ltr'><strong>SWAYNESEY</strong></span> <span class='ocrx_word' id='word_1_245' title='bbox 786 2645 1033 2688; x_wconf 77' lang='lat' dir='ltr'><strong>duodecimo</strong></span> <span class='ocrx_word' id='word_1_246' title='bbox 1065 2646 1133 2688; x_wconf 90' lang='lat' dir='ltr'><strong>die</strong></span> <span class='ocrx_word' id='word_1_247' title='bbox 1166 2647 1323 2689; x_wconf 90' lang='lat' dir='ltr'><strong>mensis</strong></span> <span class='ocrx_word' id='word_1_248' title='bbox 1358 2646 1628 2704; x_wconf 86' lang='lat' dir='ltr'><strong>Novembrys</strong></span> <span class='ocrx_word' id='word_1_249' title='bbox 1660 2663 1772 2691; x_wconf 89' lang='lat' dir='ltr'><strong>anno</strong></span> <span class='ocrx_word' id='word_1_250' title='bbox 1802 2649 1926 2705; x_wconf 88' lang='lat' dir='ltr'><strong>regni</strong></span> <span class='ocrx_word' id='word_1_251' title='bbox 1951 2649 2086 2706; x_wconf 74' lang='lat' dir='ltr'><strong>Regis</strong></span> 
     </span>
    </p>
   </div>
   <div class='ocr_carea' id='block_1_6' title="bbox 137 2734 1311 2868">
    <p class='ocr_par' dir='ltr' id='par_1_8' title="bbox 137 2734 1311 2868">
     <span class='ocr_line' id='line_1_26' title="bbox 137 2734 1311 2792; baseline 0.003 -15"><span class='ocrx_word' id='word_1_252' title='bbox 137 2734 342 2777; x_wconf 78' lang='lat' dir='ltr'>HENRICI</span> <span class='ocrx_word' id='word_1_253' title='bbox 362 2734 531 2791; x_wconf 88' lang='lat' dir='ltr'><strong>septimi</strong></span> <span class='ocrx_word' id='word_1_254' title='bbox 551 2737 645 2791; x_wconf 90' lang='lat' dir='ltr'><strong>post</strong></span> <span class='ocrx_word' id='word_1_255' title='bbox 667 2738 943 2792; x_wconf 81' lang='lat' dir='ltr'><strong>conquestum</strong></span> <span class='ocrx_word' id='word_1_256' title='bbox 964 2736 1113 2792; x_wconf 87' lang='lat' dir='ltr'><strong>quinto</strong></span> <span class='ocrx_word' id='word_1_257' title='bbox 1134 2737 1311 2780; x_wconf 78' lang='lat' dir='ltr'><strong>decimo.</strong></span> 
     </span>
     <span class='ocr_line' id='line_1_27' title="bbox 198 2824 410 2868; baseline -0.005 -1"><span class='ocrx_word' id='word_1_258' title='bbox 198 2824 296 2867; x_wconf 82' lang='lat' dir='ltr'><strong>Seal</strong></span> <span class='ocrx_word' id='word_1_259' title='bbox 315 2825 410 2868; x_wconf 89' lang='lat' dir='ltr'><strong>lost.</strong></span> 
     </span>
    </p>
   </div>
  </div>
 </body>
</html>
