2362 3392
311 291 422 334 1772

1048 652 1398 697 MOOLXXXI.

242 763 645 812 INQUISITION
675 762 758 806 AT
789 761 1108 814 SWANSEY,
1139 760 1416 804 FINDING
1446 760 1620 804 THAT
1653 760 1767 804 RES
1798 759 2194 804 MAUNOEILL’

390 855 468 898 OF
490 853 719 898 GOWER
739 853 876 897 WAS
897 852 1070 896 BORN
1101 851 1186 895 ΟΝ
1216 851 1299 895 ST.
1323 851 1542 895 PAUL’S
1568 851 1716 904 DAY,
1748 853 1774 894 2
1806 851 2038 895 HENRY
2067 851 2194 905 VIL,

388 946 522 990 AND
564 945 621 988 IS
663 945 742 988 OF
782 943 954 988 FULL
997 943 1135 987 ΑΘΕ.

966 1051 1193 1106 [MARGAM
1225 1050 1483 1108 CHARTER]

1284 1144 1340 1186 26
1371 1144 1533 1186 APmL.
1596 1144 1623 1186 2
1654 1143 1779 1186 HEN.
1812 1142 1950 1187 VIII.
2014 1144 2139 1185 1510.

298 1255 528 1311 Inquisitio
558 1257 681 1311 capta
712 1255 827 1310 apud
857 1253 1137 1296 SWAYNESEY
1166 1252 1214 1295 in
1245 1252 1434 1295 dominio
1465 1253 1518 1294 de
1550 1250 1724 1295 GOWER
1759 1258 1899 1294 xxvff·
1944 1251 2013 1293 die
2042 1251 2200 1294 mensis

240 1347 403 1403 Aprilis
434 1361 546 1389 anno
576 1346 700 1402 regni
731 1345 864 1402 Regis
905 1344 1111 1387 Hmsmm
1153 1343 1291 1386 octavi
1332 1344 1514 1386 secundo
1556 1357 1696 1385 coram
1727 1341 1894 1384 THOMA
1924 1356 1978 1398 ap
2009 1341 2198 1384 MEURm

237 1441 480 1482 coronatore
497 1436 665 1479 CAROLI
682 1436 916 1479 SOMERSET
936 1435 1100 1478 domini
1121 1434 1350 1477 HERBERT
1368 1449 1415 1477 ac
1437 1434 1601 1476 domini
1622 1433 1726 1476 dicti
1747 1432 1928 1476 dominii
1951 1433 2003 1475 de
2024 1431 2198 1476 Gowmz

235 1531 281 1573 in
312 1529 500 1572 dominio
530 1528 719 1585 predicto
750 1528 908 1570 virtute
938 1526 1077 1570 brevis
1107 1526 1211 1568 dicti
1241 1526 1405 1568 domini
1435 1525 1574 1568 eidem
1606 1525 1842 1568 coronatori
1863 1524 2014 1567 directi
2034 1526 2077 1566 et
2097 1523 2197 1567 huic

234 1620 506 1678 inquisicioni
527 1619 717 1662 consueti
742 1619 829 1674 (sic)
850 1618 896 1660 in
917 1618 1132 1673 presencia
1150 1617 1342 1660 ΜΑΤΗΙΕ
1360 1616 1539 1659 CRADOC
1556 1616 1758 1672 armigeri
1779 1615 1964 1658 custodis
1983 1617 2194 1658 terrarum

236 1716 279 1756 et
314 1715 656 1755 tenementorum
692 1710 785 1753 RES
822 1708 1112 1752 MAUNCEILL'
1148 1709 1195 1751 in
1231 1708 1343 1750 dicto
1378 1708 1497 1750 brevi
1530 1707 1741 1750 nominati
1776 1722 1851 1763 per
1882 1710 2194 1749 sacramentum

234 1804 264 1847 J
268 1818 424 1846 ENKYN
457 1801 782 1845 FRANCKELEN’
818 1836 825 1844 .
857 1800 1117 1844 WILLELMO
1138 1800 1354 1842 DAWKYN
1385 1833 1393 1840 .
1427 1798 1642 1841 HOPKYN’
1667 1797 1897 1840 DAWKYN'
1922 1831 1931 1839 .
1956 1797 2109 1839 DAvm
2140 1811 2194 1853 ap

236 1895 328 1939 RES
360 1909 450 1937 DUY
483 1928 491 1936 .
524 1894 552 1936 J
557 1908 757 1935 OHANNIS
788 1892 940 1934 DAvm
981 1907 1035 1948 ap
1076 1890 1327 1934 MORGAN'.
1361 1889 1581 1932 PmLIPPI
1615 1889 1826 1931 ORADocK
1860 1923 1868 1931 .
1902 1888 2109 1931 Humum
2140 1903 2194 1944 ap

238 1986 412 2029 HENRE
437 2019 443 2026 .
468 1985 497 2028 J
500 1999 592 2027 orm
615 1984 833 2027 GEFFREY
858 2017 865 2025 .
890 1983 919 2026 J
922 1997 1121 2025 OHANNIS
1139 1981 1344 2024 HEIRON'
1371 2015 1378 2023 .
1404 1980 1570 2023 Tuom
1587 1978 1916 2022 FRANCKELEN'
1934 2011 1944 2023 .
1966 1978 1996 2022 J
1999 1993 2200 2021 OHANNIS

239 2076 449 2121 PERKYN’
475 2111 483 2118 .
508 2075 736 2118 NICHOLA1
760 2090 813 2130 ap
836 2074 929 2116 RES
950 2073 1159 2116 LEYsox'.
1224 2072 1311 2118 Qui
1332 2072 1480 2114 dicunt
1511 2087 1586 2128 per
1607 2075 1920 2113 sacramentum
1940 2085 2065 2112 suum
2086 2070 2200 2126 quod

237 2169 430 2225 prefatus
461 2167 554 2210 RES
584 2168 630 2209 in
662 2167 774 2208 dicto
805 2166 921 2208 brevi
955 2165 1200 2207 nominatus
1232 2164 1317 2206 fuit
1347 2167 1474 2205 natus
1505 2163 1551 2205 in
1583 2162 1871 2205 OxENwmnE
1892 2161 1939 2203 in
1960 2161 2028 2203 die
2049 2160 2196 2204 Sancti

241 2260 388 2303 PAULr
415 2273 527 2301 anno
563 2258 685 2314 regni
718 2257 853 2313 Regis
883 2256 1091 2298 HEchr
1128 2255 1298 2311 septimi
1330 2255 1525 2296 secundo.
1602 2253 1662 2295 Et
1691 2253 1806 2295 idem
1837 2252 1930 2295 RES
1960 2252 2045 2294 fuit
2075 2251 2199 2307 plene

243 2351 367 2394 etatis
403 2350 559 2406 viginti
600 2349 727 2391 unius
767 2362 978 2390 annorum
1018 2354 1138 2389 ΧΧΥΟ·
1174 2347 1242 2388 die
1282 2346 1311 2389 J
1315 2346 1482 2388 anuarii
1522 2345 1674 2387 ultimo
1710 2344 1912 2400 preterito
1951 2345 2051 2386 ante
2086 2343 2201 2385 diem

243 2442 452 2498 capcionis
472 2441 603 2496 hujus
624 2439 927 2496 inquisicionis.
990 2438 1047 2480 In
1068 2437 1135 2494 cuj
1143 2453 1191 2480 us
1212 2437 1274 2479 rei
1289 2436 1583 2479 testimonium
1604 2435 1702 2478 huic
1723 2435 1910 2491 presenti
1929 2433 2199 2490 inquisicioni

244 2538 333 2576 tam
357 2533 568 2589 predictus
589 2534 809 2573 coronator
831 2545 960 2586 quam
982 2529 1139 2585 prefati
1162 2528 1297 2584 jurati
1319 2527 1462 2584 sigilla
1483 2542 1559 2569 sua
1580 2529 1880 2583 apposuerunt.

307 2625 474 2666 Datum
495 2624 563 2665 die
584 2626 624 2665 et
646 2638 759 2665 anno
781 2621 1045 2677 supradictis.

313 2715 518 2758 Thirteen
540 2714 658 2764 seals,
681 2714 755 2755 red
775 2728 882 2754 wax.
938 2713 976 2764 1,
1008 2713 1075 2763 12,
1110 2712 1176 2763 13,
1205 2711 1501 2767 rectangular:
1535 2709 1607 2752 the
1638 2708 1780 2751 initial
1812 2707 1883 2752 W.
1945 2708 1985 2759 2,
2008 2708 2048 2758 4,
2071 2708 2111 2758 5,
2137 2706 2204 2757 10,

256 2807 418 2849 round:
462 2821 487 2847 a
517 2804 774 2847 merchant's
803 2804 938 2845 mark.
1003 2804 1042 2854 3,
1075 2804 1114 2854 7,
1147 2803 1187 2854 8,
1219 2803 1259 2853 9,
1295 2803 1360 2852 11,
1396 2800 1690 2856 rectangular:
1744 2814 1769 2841 a
1798 2796 2054 2841 merchant's
2082 2796 2204 2839 mark

258 2898 345 2940 and
364 2898 489 2939 letter
510 2896 561 2938 E.
627 2896 663 2937 6.
698 2894 926 2949 Wanting.
