2362 3392
260 251 371 292 1680

197 459 243 501 in
263 458 441 501 liberam
460 473 613 515 puram
633 461 676 501 et
695 461 946 515 perpetuam
966 458 1256 512 elemosynam
1276 446 1324 499 eo
1344 460 1491 499 tenore
1515 457 1630 512 quod
1659 455 1789 499 abbas
1817 455 2153 498 SAVINGNENSIS

197 550 366 593 ecclesie
388 554 429 593 et
451 554 684 593 conventus
704 550 898 607 ejusdem
918 550 964 592 in
986 549 1134 591 eadem
1154 548 1398 604 elemosyna
1419 551 1676 591 conventum
1697 547 1922 591 duodecim
1952 546 2153 590 monaeh-

193 655 314 683 orum
343 641 586 697 perenniter
618 641 726 684 inibi
761 640 838 684 sub
874 639 1027 683 abbate
1062 654 1388 696 permansurum
1423 639 1663 682 instituent.
1725 638 1878 695 Hujus
1911 638 2155 681 donationis

194 735 294 775 sunt
321 735 450 775 testes
476 766 484 775 .
511 732 750 775 RonERws
779 746 917 774 comes
946 730 1224 773 GLOCESTRIE
1257 765 1266 773 .
1303 729 1513 773 GARINUS
1544 730 1788 786 capellanus
1815 733 1859 772 et
1887 729 2155 772 TORBERTUS

194 823 437 879 capellanus
466 827 510 866 et
542 822 729 865 PICOTUS
768 856 776 864 .
813 821 1054 864 Rossssmos
1090 822 1257 878 dapifer
1288 856 1297 864 .
1331 821 1427 864 ODo
1458 822 1572 864 filius
1600 837 1700 864 suus
1730 855 1738 864 .
1772 821 2014 864 Romanus
2041 820 2155 863 filius

196 913 326 957 GERE
350 949 357 956 .
382 914 644 957 MAURICIUS
667 948 674 956 .
700 914 932 957 Rmnmns
953 914 1005 956 de
1026 912 1198 956 SANCTO
1220 912 1454 959 QUINTINO
1477 946 1486 955 .
1510 912 1726 955 PAGANus
1747 913 1799 955 de
1821 912 2120 955 TURBERVILL
2143 945 2152 955 .

194 1005 434 1049 ROBERTUS
463 1007 516 1048 de
552 1005 833 1048 UMFRAVILL
861 1038 870 1046 .
900 1004 1187 1047 WILLELMUS
1217 1005 1420 1060 pincerna
1453 1037 1461 1046 .
1495 1003 1736 1046 Ronanus
1764 1003 1878 1045 filius
1910 1003 2108 1046 ACELINI
2141 1035 2151 1045 .

192 1097 382 1140 THOMAS
403 1099 456 1140 de
484 1097 664 1140 EsToNA
689 1131 696 1139 .
721 1096 1008 1141 W11,LELMUS
1038 1097 1090 1139 de
1124 1096 1339 1138 REMILLA
1371 1130 1378 1137 .
1409 1095 1586 1138 Gmom)
1618 1096 1670 1138 de
1701 1094 1840 1138 Bosco
1870 1094 2117 1137 HERBERTI
2143 1128 2151 1137 .

193 1193 235 1232 et
254 1189 403 1232 multis
424 1189 530 1231 aliis.

254 1281 314 1336 (A
328 1281 380 1334 b.)
416 1280 514 1337 Ego
549 1280 780 1323 RchRDUS
819 1281 874 1323 de
912 1279 1216 1323 GRANAvlLLA
1245 1279 1409 1322 domini
1437 1279 1641 1321 Rossmm
1674 1276 1953 1320 GLOCESTRIE
1988 1277 2153 1320 comitis

191 1372 551 1415 conestabularius
591 1373 645 1414 do
678 1372 772 1414 Deo
814 1375 858 1414 at
898 1371 1068 1414 ecclesie
1103 1370 1258 1414 Sancte
1295 1370 1521 1413 Trinitatis
1561 1370 1613 1412 de
1654 1368 1823 1411 NEETH
1857 1372 1899 1411 et
1935 1368 2154 1411 monachis

190 1463 350 1505 ibidem
390 1463 646 1519 regulariter
686 1462 780 1505 Deo
814 1461 1097 1505 servientibus
1136 1477 1212 1518 pro
1253 1461 1390 1504 salute
1431 1461 1573 1503 anime
1614 1460 1779 1502 domini
1819 1459 1904 1501 mei
1947 1458 2153 1501 Romam

190 1554 364 1611 gloriosi
387 1554 595 1597 HENRICI
618 1553 753 1611 Regis
774 1554 852 1596 filii
876 1557 919 1596 et
937 1553 1080 1596 uxoris
1102 1569 1175 1595 sue
1196 1556 1238 1595 et
1260 1553 1446 1595 filiorum
1468 1566 1642 1594 suorum
1663 1555 1706 1593 et
1736 1566 1812 1606 pro
1844 1551 1980 1593 salute
2012 1550 2154 1593 anime

192 1661 283 1688 mee
312 1649 354 1688 et
385 1648 698 1688 antecessorum
725 1659 917 1688 meorum
952 1648 995 1686 et
1030 1644 1174 1686 uxoris
1210 1659 1302 1686 mee
1341 1643 1624 1686 CONSTANTOE
1660 1642 1809 1684 villam
1844 1643 1897 1684 de
1930 1640 2152 1684 ΒΗΑ-ΒΑΜ

190 1753 286 1780 cum
315 1736 511 1779 omnibus
537 1737 674 1779 eidem
703 1735 1027 1792 pertinentibus.
1091 1735 1243 1791 Hujus
1271 1734 1513 1777 donationis
1544 1736 1672 1776 testes
1698 1735 1798 1775 sunt
1832 1767 1839 1774 .
1870 1731 2153 1775 WILLELMUS

191 1829 325 1870 frater
344 1843 465 1871 meus
486 1832 529 1871 et
552 1827 785 1870 GIRALDUS
806 1826 891 1884 [et]
914 1826 1195 1869 Tssonomcns
1212 1829 1387 1881 nepotes
1402 1825 1486 1867 mei
1506 1858 1514 1866 .
1534 1824 1820 1867 RADULPHUS
1839 1858 1847 1865 .
1866 1822 2118 1865 ALUREDUS
2142 1855 2150 1864 .

193 1924 236 1962 et
256 1920 399 1976 plures
420 1920 506 1961 alii.
570 1919 683 1962 Dedi
706 1919 835 1962 etiam
857 1919 917 1961 eis
938 1918 1159 1960 castellum
1180 1932 1325 1960 meum
1345 1917 1397 1959 de
1420 1916 1589 1958 NEETH
1611 1918 1652 1957 et
1673 1917 1810 1957 totam
1830 1917 1989 1957 terram
2014 1929 2154 1957 meam

195 2025 324 2067 quam
344 2009 479 2053 habeo
500 2010 611 2052 inter
632 2009 810 2052 Tfflwr
831 2015 873 2052 et
893 2009 1062 2051 ΝΕΕΤΗ
1083 2009 1128 2050 in
1149 2008 1274 2051 bosco
1302 2012 1344 2050 et
1374 2008 1503 2063 plano
1535 2021 1631 2048 cum
1665 2005 1862 2048 omnibus
1893 2005 2155 2061 appendiciis

194 2101 291 2144 suis.
374 2100 472 2143 Hec
512 2100 656 2143 omnia
696 2100 796 2143 dedi
835 2100 1035 2156 predictis
1075 2099 1293 2141 monachis
1334 2098 1479 2154 quieta
1514 2097 1568 2140 ab
1609 2097 1726 2139 omni
1767 2096 1954 2138 servicio.
2027 2095 2154 2139 Teste

195 2193 431 2235 ALWARDO
471 2191 718 2248 presbytero
751 2225 759 2233 .
794 2195 836 2234 et
867 2191 1108 2233 RmHARDo
1141 2190 1385 2246 presbytero
1423 2224 1431 2231 .
1466 2192 1509 2232 et
1539 2188 1823 2231 CONSTANTIA
1854 2202 1986 2229 uxore
2017 2202 2113 2229 mea
2145 2221 2153 2230 .

199 2283 413 2326 Romam
454 2283 646 2339 dapifero
689 2317 697 2325 .
741 2288 781 2324 et
825 2281 983 2325 OnoxE
1024 2281 1111 2324 filio
1153 2295 1228 2323 suo
1272 2315 1279 2323 .
1324 2279 1492 2322 ΤΗΟΜΑ
1533 2279 1585 2321 de
1626 2278 1810 2320 ESTUNA
1855 2311 1864 2320 .
1907 2276 2069 2320 P100T0
2111 2282 2154 2320 et

199 2375 349 2417 multis
379 2374 484 2417 aliis.

264 2465 324 2521 (A
340 2466 390 2520 e.)
444 2465 611 2508 Notum
651 2465 706 2507 sit
747 2463 943 2506 omnibus
983 2464 1097 2519 quod
1138 2478 1218 2520 ego
1255 2463 1487 2506 RICARDUS
1527 2462 1579 2504 de
1621 2460 1923 2504 GRANAVILLA
1964 2460 2063 2502 dedi
2113 2463 2156 2503 et

203 2556 449 2600 confirmavi
470 2555 564 2599 Deo
585 2559 627 2598 et
649 2555 818 2598 ecclesie
839 2554 993 2598 Sancte
1022 2554 1248 2597 Trinitatis
1283 2555 1335 2596 de
1363 2553 1533 2596 NEETH
1560 2557 1601 2594 et
1633 2550 1850 2594 monachis
1876 2549 2036 2593 ibidem
2060 2550 2155 2593 Deo

205 2646 483 2690 servientibus
503 2647 723 2689 castellum
743 2661 887 2688 meum
909 2647 960 2688 de
982 2645 1149 2688 NEETH
1172 2660 1268 2687 cum
1290 2644 1487 2686 omnibus
1516 2641 1786 2685 libertatibus
1816 2643 1859 2683 et
1882 2640 2156 2697 pertinenciis

207 2738 292 2780 suis
327 2741 369 2780 et
405 2752 550 2780 omnes
579 2737 772 2780 homines
797 2752 894 2779 cum
926 2736 1107 2779 servitiis
1142 2736 1228 2778 suis
1261 2738 1303 2777 et
1335 2738 1470 2777 totam
1495 2737 1652 2776 terram
1688 2746 1783 2774 cum
1808 2731 2078 2786 pertinentiis
2108 2731 2155 2774 in

207 2832 324 2871 vasto
364 2831 406 2871 et
445 2828 574 2884 plano
607 2832 648 2870 et
688 2827 811 2870 bosco
843 2827 955 2870 inter
986 2827 1063 2870 has
1100 2829 1283 2882 quatuor
1317 2840 1447 2881 aquas
1483 2824 1679 2866 videlicet
1710 2821 1878 2865 NEETH
1911 2824 1954 2863 et
1988 2821 2155 2864 THAWI

208 2919 451 2962 Pax-amm
485 2922 529 2961 et
558 2918 822 2964 PULCANAN.
894 2918 963 2961 Do
994 2918 1124 2960 etiam
1152 2917 1346 2960 ecclesias
1371 2916 1518 2959 Sancti
1546 2915 1709 2958 CADOCI
1744 2916 1787 2956 et
1818 2914 1871 2955 de
1899 2912 2156 2957 KILBEBILL

207 3025 304 3053 cum
325 3010 486 3065 capella
506 3009 667 3052 castelli
688 3024 784 3053 cum
805 3009 978 3052 decimis
1005 3009 1137 3051 totius
1167 3012 1276 3050 terre
1309 3007 1496 3064 predicte
1528 3011 1569 3048 et
1596 3008 1735 3048 totum
1764 3004 1988 3060 piscariam
2014 3020 2155 3049 meam
