2362 3392
352 260 464 300 1938

289 466 580 522 franci-plegii
601 482 648 509 ac
661 467 805 508 omnia
821 480 902 521 que
918 465 973 507 ad
989 465 1103 506 visus
1122 464 1416 519 franci-plegii
1430 464 1647 519 pertinent
1664 480 1737 507 seu
1752 465 2030 520 imposterum
2049 468 2236 519 spectare

288 557 450 612 possint
470 565 545 599 aut
566 557 723 599 debent
743 556 909 598 nativos
929 559 971 598 et
991 555 1173 598 vfflanos
1202 569 1299 597 cum
1329 570 1477 597 eorum
1507 555 1688 611 sequelis
1717 555 1843 597 feoda
1873 555 2063 597 militum
2092 556 2235 598 warda

288 647 515 704 maritagio,
555 651 737 690 escaetas
778 646 933 689 relevia
972 645 1156 688 herietta
1195 645 1413 687 nundinas
1446 649 1632 688 mercata
1665 646 1829 688 tolneta
1860 645 1972 688 bona
2006 649 2049 688 et
2083 645 2236 688 catana

287 738 467 780 waviata
497 739 746 781 extrahuras
777 738 963 793 proficua
993 737 1313 780 commoditates
1343 738 1631 779 emolumenta
1663 741 1706 779 et
1731 737 2070 780 hereditamenta
2093 742 2236 780 nostra

290 844 554 884 quecumque
585 844 682 871 cum
713 844 858 870 eorum
889 828 1161 884 pertinenciis
1200 828 1407 870 universis
1447 828 1633 884 jacentia
1668 828 1754 870 sive
1795 828 2021 870 existentia
2049 828 2095 870 in
2126 828 2239 871 villis

286 920 445 975 campis
466 920 674 976 parochiis
695 935 768 962 seu
789 919 1010 961 hameletis
1032 920 1083 960 de.
1105 917 1300 960 HORGRO
1323 919 1426 960 alias
1449 918 1705 961 HORGROVE
1729 923 1771 960 et
1793 918 1945 960 PYLLE
1976 919 2081 961 alias
2110 918 2234 961 PYLE

287 1010 333 1052 in
375 1011 487 1053 dicto
528 1010 733 1052 comitatu
772 1016 916 1052 nostro
949 1008 1250 1052 GLAMORGAN’
1283 1025 1330 1051 ac
1364 1009 1466 1051 alibi
1494 1009 1751 1064 ubicumque
1780 1010 1826 1051 in
1857 1010 2005 1051 eodem
2035 1009 2240 1052 comitatu

284 1101 410 1143 dictis
430 1101 631 1143 maneriis
652 1116 725 1143 seu
751 1115 896 1142 eorum
927 1101 1049 1142 alteri
1071 1115 1240 1155 quoquo
1266 1101 1390 1142 modo
1421 1101 1656 1156 spectantia
1687 1101 1774 1143 sive
1803 1100 2062 1156 pertinentia
2081 1104 2156 1142 aut
2186 1105 2234 1143 ut

285 1191 524 1234 membrum
553 1207 650 1246 pars
680 1192 748 1234 vel
780 1191 961 1246 parcella
991 1191 1222 1233 eorundem
1252 1191 1538 1233 maneriorum
1571 1207 1643 1233 seu
1674 1206 1821 1233 eorum
1852 1191 2026 1232 alterius
2058 1191 2237 1235 antehac

286 1283 432 1325 habita
448 1283 618 1338 cognita
634 1288 850 1338 acceptata
866 1282 1023 1323 usitata
1038 1287 1236 1336 reputata
1252 1281 1424 1323 dimissa
1440 1296 1514 1323 seu
1527 1282 1664 1324 locata
1680 1282 1906 1324 existentia
1921 1297 2087 1324 necnon
2103 1297 2238 1325 unum

284 1373 579 1416 molendinum
601 1373 844 1428 aquaticum
866 1387 962 1414 cum
983 1372 1252 1428 pertinentiis
1273 1377 1468 1414 vocatum
1491 1371 1666 1414 SHEPPS
1690 1372 1852 1414 MYLLE
1872 1373 1995 1415 modo
2016 1373 2082 1414 vel
2103 1388 2243 1428 nuper

281 1465 327 1507 in
350 1471 500 1507 tenura
522 1466 609 1507 sive
629 1466 906 1519 occupacione
928 1464 994 1519 cuj
1003 1465 1151 1506 usdam
1174 1464 1202 1506 J
1205 1478 1406 1506 OHANNIS
1437 1463 1627 1505 THOMAs
1659 1464 1816 1506 Dum
1847 1479 1900 1520 ap
1933 1464 2138 1507 Powmn’
2172 1465 2238 1508 vel

283 1558 596 1612 assignatorum
617 1570 789 1598 suorum
818 1555 1023 1597 situatum
1047 1555 1192 1610 jacens
1214 1561 1255 1597 et
1287 1555 1470 1597 existens
1500 1555 1546 1596 in
1578 1555 1679 1596 villa
1711 1555 1763 1597 de
1795 1554 2017 1597 MARGAm’
2048 1556 2094 1597 in
2124 1556 2238 1598 djcto

284 1649 488 1691 comitatu
510 1653 551 1689 et
573 1648 685 1689 dicto
707 1662 843 1702 nuper
875 1646 1128 1688 monasterio
1160 1647 1326 1687 dudum
1356 1655 1549 1701 spectans
1580 1647 1667 1688 sive
1699 1647 1914 1701 pertinens
1945 1662 1992 1689 ac
2022 1647 2166 1689 omnia
2195 1652 2238 1690 et

282 1739 453 1796 singula
484 1742 636 1794 stagna
669 1738 826 1779 fossata
856 1738 966 1779 rivos
998 1737 1155 1778 rivulos
1185 1740 1226 1778 et
1268 1751 1474 1792 aquarum
1506 1752 1649 1778 cursus
1680 1737 1879 1792 piscarias
1911 1741 1953 1779 et
1983 1739 2238 1793 piscaciones

282 1835 414 1872 sectas
445 1831 534 1872 vias
565 1829 885 1871 commoditates
927 1837 967 1869 et
1010 1828 1194 1883 proficua
1237 1842 1500 1883 quecumque
1534 1831 1579 1869 in
1620 1827 1836 1869 MARGAN'
1874 1829 2064 1883 predicto
2099 1829 2237 1872 eidem

282 1921 526 1964 molendino
558 1935 726 1975 quoquo
759 1921 883 1962 modo
915 1921 1149 1975 spectantia
1181 1920 1267 1960 sive
1299 1919 1557 1974 pertinentia
1589 1919 1675 1960 sive
1707 1934 1802 1960 cum
1824 1920 1971 1961 eodem
1991 1921 2235 1963 molendino

285 2013 457 2055 dimissa
488 2027 561 2054 seu
591 2017 794 2066 occupata
825 2011 1064 2060 existentia,
1097 2025 1144 2052 ac
1175 2010 1308 2052 eciam
1339 2015 1477 2052 totum
1508 2010 1616 2052 illud
1638 2010 1905 2066 mesuagium
1926 2016 2119 2054 nostrum
2139 2027 2237 2055 cum

285 2103 552 2160 pertinentiis
574 2109 770 2144 vocatum
800 2101 867 2143 LE
900 2101 1085 2143 TowssN'
1119 2101 1325 2142 situatum
1358 2107 1399 2141 et
1429 2101 1614 2142 existens
1644 2101 1688 2142 in
1722 2100 1944 2142 MARGAM'
1978 2103 2166 2157 predicta
2195 2109 2238 2144 et

285 2196 397 2236 dicto
414 2208 550 2249 nuper
571 2193 826 2234 monasterio
849 2193 1012 2234 dudum
1033 2196 1224 2247 spectans
1247 2196 1287 2233 et
1316 2191 1531 2246 pertinens
1554 2207 1600 2233 ac
1630 2193 1754 2233 modo
1777 2192 1844 2233 vel
1864 2207 2000 2247 nuper
2020 2194 2064 2234 in
2085 2196 2238 2235 tenura

285 2286 371 2327 sive
393 2284 667 2338 occupacione
689 2283 756 2337 cuj
765 2284 913 2324 usdam
938 2281 1183 2323 LE0D0v1c1
1207 2281 1357 2325 W11,L'
1387 2281 1600 2323 HULLYN'
1633 2282 1700 2323 vel
1733 2282 2045 2338 assignatorum
2065 2298 2237 2326 suorum

288 2392 335 2418 ac
365 2390 509 2417 omues
534 2375 629 2416 inas
657 2383 748 2416 octo
779 2389 894 2415 acras
926 2378 1035 2415 terre
1062 2372 1232 2415 arabilis
1262 2378 1303 2414 et
1335 2388 1407 2414 sex
1438 2388 1553 2414 acras
1587 2380 1758 2428 past-ure
1780 2389 1875 2415 cum
1904 2375 2172 2429 pertinentiis
2192 2375 2238 2418 in

289 2468 511 2510 MARGAM'
534 2466 722 2522 predicta
744 2480 839 2507 cum
865 2466 1012 2506 eodem
1040 2464 1257 2520 mesuagio
1289 2464 1425 2505 eidem
1458 2463 1726 2505 Lssonowmo
1757 2464 1950 2506 dimissas
1981 2480 2053 2507 seu
2083 2466 2241 2508 locatas

287 2567 328 2601 et
374 2560 486 2600 dicto
528 2572 662 2612 nuper
702 2556 955 2597 monasterio
1002 2556 1166 2597 dudum
1210 2562 1445 2609 spectantes·
1492 2564 1532 2597 et
1578 2556 1837 2610 pertinentes
1882 2571 2045 2598 necnon
2097 2562 2237 2600 totum

289 2651 412 2691 ilium
454 2649 583 2689 situm
619 2662 755 2702 nuper
792 2646 1024 2687 molendini
1061 2646 1247 2700 aquatici
1282 2661 1377 2686 cum
1409 2645 1679 2700 pertinentiis
1714 2647 1850 2687 vocati
1884 2645 2042 2688 CRYKE
2073 2647 2237 2690 MYLLE

287 2741 432 2782 situati
468 2747 507 2780 et
551 2738 771 2779 existentis
811 2738 856 2778 iu
901 2736 1058 2778 ORYKE
1099 2736 1214 2777 infra
1256 2736 1498 2791 parochiam
1539 2738 1590 2778 de
1636 2736 1856 2778 MARGAM'
1900 2738 2088 2792 predicta
2123 2739 2237 2781 dicto

292 2845 427 2886 nuper
448 2828 702 2871 monasterio
734 2829 899 2869 dudum
920 2834 1112 2882 spectans
1141 2832 1182 2868 et
1213 2828 1428 2881 pertinens
1451 2843 1497 2869 ac
1518 2828 1642 2869 modo
1666 2828 1732 2869 vel
1753 2842 1890 2882 nuper
1911 2828 1956 2869 in
1978 2833 2130 2871 tenura
2150 2830 2237 2872 sive

288 2920 564 2975 occupacione
596 2918 624 2961 J
628 2933 827 2960 OHANNIS
859 2918 1049 2959 Tamus
1080 2918 1236 2960 DAvn)
1267 2933 1320 2973 ap
1352 2917 1559 2959 PoWELL'
1583 2933 1630 2959 ac
1663 2918 1805 2960 omnia
1830 2926 1872 2960 et
1894 2919 2064 2975 singula
2083 2924 2235 2976 stagna

287 3013 444 3054 fossata
486 3025 617 3065 aquas
657 3010 857 3064 piscarias
898 3016 938 3050 et
970 3010 1223 3064 piscacioues
1258 3010 1368 3051 rivos
1401 3009 1559 3051 rivulos
1597 3014 1637 3051 et
1674 3024 1881 3064 aquarum
1922 3025 2066 3052 cursus
2106 3015 2240 3054 sectas
