2362 3392
1934 210 2045 252 1807

991 414 1262 458 MOOOVII.

150 531 352 574 LEASE
395 530 517 573 FOR
559 530 854 575 SEVENTY
894 531 1102 574 YEARS
1153 531 1240 574 BY
1279 532 1309 575 J
1313 531 1449 574 OHN
1490 531 1837 585 GRUFFITH,
1881 533 2100 587 ABBOT,

294 621 429 665 AND
491 621 622 665 THE
684 622 979 665 OONVENT
1041 622 1119 664 OF
1183 622 1475 675 MARGAM,
1538 622 1614 666 ΤΟ
1685 623 1948 667 JANKYN
2017 625 2099 667 ΑΡ

294 712 532 755 PHELIP
573 712 708 755 AND
751 712 1092 755 ELZABETH
1144 713 1251 755 HIS
1303 713 1485 766 WIFE,
1538 713 1616 756 OF
1654 714 1700 756 A
1739 713 1985 757 MOIETY
2023 714 2101 757 OF

293 803 423 846 THE
467 803 727 846 GRANGE
770 803 849 846 OF
890 803 1139 847 GOURTE
1181 804 1444 848 BEOHAN
1486 804 1568 848 AT
1610 804 1874 848 STORMY.

866 919 1097 976 [MARGAM
1134 919 1392 977 CHARTER]

1253 1020 1278 1061 6
1314 1020 1424 1062 FER.
1487 1022 1512 1062 9
1550 1020 1675 1063 HEN.
1713 1020 1850 1065 VIII.
1914 1022 2040 1063 1518.

203 1135 300 1178 Hec
335 1135 565 1178 indentura
602 1135 715 1177 facta
750 1136 864 1191 apud
898 1135 1116 1178 MORGAN’
1148 1139 1266 1178 sexto
1297 1137 1366 1179 die
1397 1136 1621 1179 Februarii
1654 1152 1767 1180 anno
1799 1138 1923 1194 regni
1963 1139 2099 1197 Regis

141 1225 347 1268 HENRICI
370 1227 507 1269 octavi
529 1230 623 1282 post
645 1229 922 1282 conquestum
944 1242 1056 1269 nono
1077 1226 1189 1269 inter
1208 1227 1238 1270 J
1241 1242 1466 1269 OHANNEM
1498 1227 1675 1271 GRUFF'
1697 1228 1894 1271 abbatem
1926 1245 2095 1274 monas-

140 1317 238 1359 terii
259 1317 380 1360 beate
401 1317 562 1359 MARIE
585 1317 765 1374 virginis
786 1318 838 1360 de
869 1317 1071 1359 MORGAN
1093 1322 1135 1360 et
1156 1318 1343 1373 ejusdem
1365 1319 1445 1361 loci
1467 1321 1698 1361 conventus
1731 1335 1784 1361 ex
1804 1323 1925 1376 parte
1946 1337 2033 1364 una
2054 1327 2096 1365 et

141 1406 170 1450 J
174 1422 332 1450 ANKYN
375 1423 428 1464 ap
470 1407 650 1450 Pmmp
691 1410 734 1450 et
774 1407 1020 1450 ELZABETH
1051 1423 1146 1450 verz
1186 1408 1215 1451 J
1219 1423 1340 1450 EVAN
1374 1424 1550 1451 uxorem
1585 1409 1680 1465 ejus
1715 1425 1768 1452 ex
1804 1413 1925 1466 parte
1960 1412 2094 1455 altera

140 1501 321 1541 testatur
342 1500 456 1555 quod
476 1499 690 1555 predictus
711 1498 840 1541 abbas
861 1504 901 1541 et
923 1502 1154 1541 conventus
1175 1500 1445 1542 tradiderunt
1465 1503 1758 1543 concesserunt
1779 1504 1821 1543 et
1842 1503 1898 1544 ad
1926 1503 2094 1546 firmam

141 1590 394 1633 dimiserunt
414 1590 592 1646 prefatis
615 1589 644 1633 J
648 1604 808 1632 ANKYN
839 1593 881 1632 et
912 1590 1158 1632 ELZABETH
1190 1591 1313 1632 uxori
1343 1591 1433 1646 ejus
1460 1591 1733 1634 medietatem
1765 1593 1893 1635 unius
1914 1595 2094 1651 grangie

137 1684 247 1724 terre
268 1681 456 1724 arabillis
477 1682 611 1738 pratis
631 1681 764 1724 boscis
785 1681 968 1737 pasturis
998 1684 1041 1723 et
1070 1682 1200 1723 vastis
1221 1697 1317 1724 cum
1337 1681 1533 1724 domibus
1560 1685 1603 1724 et
1624 1682 1820 1725 omnibus
1849 1684 1937 1726 suis
1963 1686 2091 1740 perti-

137 1773 294 1816 nentiis
316 1789 397 1829 que
419 1773 590 1829 quidem
608 1773 791 1830 grangia
810 1776 956 1815 vocata
977 1772 1158 1815 COURTE
1180 1773 1374 1815 BECHAN
1390 1773 1597 1816 scituatur
1613 1775 1730 1829 apud
1746 1773 1943 1818 ISTORMY
1965 1780 2091 1833 prout

135 1868 281 1908 mettae
303 1868 345 1907 et
364 1865 547 1908 boundae
568 1865 811 1907 limitantur
831 1864 944 1906 inter
973 1864 1211 1920 predictum
1242 1864 1271 1906 J
1274 1864 1447 1906 ANKYN'
1480 1879 1533 1920 ap
1565 1864 1745 1908 PHELIP
1778 1868 1820 1908 et
1851 1866 2004 1909 DAVID
2036 1883 2090 1925 ap

135 1955 212 1998 ΗΟ
244 1956 347 1999 Goz.
409 1956 675 1999 Habendum
698 1959 740 1998 et
761 1957 999 1998 tenendum
1019 1956 1291 1998 medietatem
1312 1956 1546 2011 predictam
1568 1957 1748 2014 grang-ie
1769 1960 1879 2001 terre
1900 1959 2091 2002 arabillis

134 2047 266 2103 pratis
278 2046 413 2090 boscis
425 2047 610 2103 pasturis
625 2050 667 2089 et
681 2047 810 2089 vastis
824 2062 920 2089 cum
936 2046 1132 2089 domibus
1145 2047 1349 2089 edificatis
1365 2050 1407 2089 et
1421 2047 1516 2089 aliis
1529 2048 1615 2090 suis
1628 2049 1898 2104 pertinentiis
1911 2050 2088 2106 prefatis

132 2137 162 2181 J
165 2152 324 2180 ANKYN
347 2154 401 2194 ap
422 2138 603 2180 Pmmp
626 2141 668 2180 et
689 2138 937 2180 ELzABETH
969 2138 1092 2180 uxori
1120 2153 1192 2180 sue
1219 2137 1304 2195 [et]
1340 2138 1567 2181 heredibus
1592 2140 1644 2181 de
1672 2155 1817 2182 eorum
1842 2141 2085 2196 corporibus

131 2229 244 2272 inter
264 2230 433 2271 eosdem
452 2229 643 2286 legitime
664 2230 892 2286 procreatis
913 2245 938 2271 a
959 2230 1068 2272 festo
1099 2229 1413 2272 Purificationis
1442 2229 1564 2273 beate
1586 2230 1743 2273 MARIE
1765 2231 1946 2288 virginis
1981 2235 2080 2275 ante

131 2321 281 2362 datum
302 2320 566 2376 presencium
587 2336 719 2376 usque
741 2321 796 2362 ad
817 2321 946 2363 finem
973 2321 1146 2363 termini
1168 2325 1209 2362 et
1230 2336 1305 2376 per
1325 2321 1557 2363 terminum
1578 2322 1852 2378 septuaginta
1872 2338 2081 2366 annorum

130 2413 286 2454 extunc
316 2412 507 2467 proxime
537 2412 809 2467 sequencium
840 2414 881 2454 et
902 2412 1090 2468 plenarie
1111 2411 1469 2467 complendorum.
1532 2412 1593 2454 Et
1613 2412 1793 2456 ulterius
1813 2429 1889 2470 pro
1910 2414 2081 2457 defectu

128 2501 295 2544 heredis
314 2503 366 2545 de
387 2501 630 2558 corporibus
646 2503 933 2558 predictorum
953 2502 983 2545 J
985 2517 1144 2545 ANKYN
1167 2510 1209 2544 et
1230 2502 1476 2545 ELzABETH
1493 2503 1636 2545 uxoris
1657 2503 1751 2559 ejus
1771 2519 1824 2546 ex
1840 2507 1942 2546 tunc
1955 2505 2080 2547 liceat

128 2593 333 2636 medietas
352 2594 542 2650 predicta
572 2595 752 2651 grangie
773 2610 870 2636 cum
899 2594 1171 2650 pertinenciis
1200 2593 1380 2650 integris
1400 2597 1669 2637 revertantur
1698 2595 1823 2637 rectis
1852 2595 2079 2639 heredibus

129 2684 168 2741 ej
173 2685 322 2727 usdem
341 2684 371 2728 J
373 2684 546 2727 ANKYN'
561 2700 614 2741 ap
636 2685 816 2727 PHELIP
830 2686 1012 2728 durante
1025 2685 1206 2727 termino
1222 2685 1422 2741 predicto.
1485 2685 1723 2728 Reddendo
1737 2686 1838 2729 inde
1854 2687 2078 2729 annuatim

127 2774 304 2831 prefatis
324 2774 469 2818 abbati
489 2779 532 2818 et
552 2776 779 2818 conventui
810 2779 852 2818 et
882 2776 1185 2819 successoribus
1206 2777 1292 2819 suis
1319 2791 1395 2833 pro
1425 2776 1653 2820 medietate
1683 2778 1873 2833 predicta
1894 2779 2074 2835 grangie

127 2880 223 2908 oum
237 2866 506 2921 pertinentiis
519 2881 591 2909 sex
607 2866 762 2909 solidos
778 2870 820 2909 et
833 2873 954 2909 111J⁰¹⁹·
967 2867 1161 2908 denarios
1177 2868 1232 2909 ad
1246 2866 1468 2923 quodlibet
1480 2867 1639 2910 festum
1652 2867 1799 2910 Sancti
1812 2868 2076 2911 MICHAELIS

127 2956 372 3012 archangeli
392 2960 519 3013 prout
540 2957 614 3000 alii
634 2957 800 3000 tenenti
825 2958 912 3013 (sie)
938 2958 1097 3000 solvere
1118 2958 1254 3001 solent
1275 2961 1316 3000 et
1329 2958 1491 3001 usitant
1507 2961 1548 3001 et
1565 2961 1657 3001 octo
1673 2974 1874 3001 aucarum
1895 2959 1981 3015 (sic)
2000 2975 2075 3016 pro
