2912 4368
2315 647 2424 687 1859

530 854 711 895 termino
742 852 956 895 antedicto
985 852 1300 907 acquietabunt.
1363 852 1423 895 Et
1457 853 1670 909 predictus
1706 852 1969 895 EDWARDUS
2005 857 2047 895 et
2083 853 2257 895 heredes
2293 854 2357 895 sui
2388 869 2481 909 pre-

531 945 687 985 dictam
708 943 935 999 parcellam
958 942 1069 998 prati
1091 956 1186 984 cum
1208 943 1369 998 majore
1390 948 1510 999 parte
1531 944 1646 986 illius
1674 947 1784 986 terre
1815 943 2008 986 arrabilis
2038 945 2250 986 antedicte
2280 945 2324 986 in
2356 946 2482 986 modo

533 1039 573 1077 et
595 1035 733 1076 forma
754 1035 870 1090 prius
892 1033 1015 1076 dictis
1036 1037 1181 1075 contra
1198 1048 1342 1076 omnes
1358 1038 1506 1090 gentes
1522 1034 1873 1077 warantizabunt.
1907 1034 1961 1077 In
1980 1035 2098 1090 cujus
2114 1036 2174 1077 rei
2190 1036 2482 1078 testimonium

530 1130 671 1182 partes
692 1125 877 1181 predicte
897 1125 979 1166 hiis
999 1124 1240 1166 indenturis
1261 1125 1402 1180 sigilla
1425 1141 1498 1167 sua
1519 1126 1764 1168 alternatim
1786 1129 2084 1182 apposuerunt.

589 1217 691 1259 Dat'
715 1224 832 1258 xxm
857 1217 925 1258 die
947 1216 1103 1258 mensis
1124 1215 1152 1258 J
1155 1215 1247 1257 unii
1270 1231 1381 1258 anno
1402 1217 1524 1273 regni
1548 1217 1681 1273 Regis
1697 1216 1902 1259 HENRICI
1918 1217 2054 1259 octavi
2071 1217 2268 1259 vicesimo
2284 1219 2479 1261 secundo.

591 1307 683 1350 One
705 1308 802 1359 seal,
825 1308 899 1349 red
921 1322 1030 1355 wax,
1052 1306 1231 1362 bearing
1253 1321 1365 1349 some
1387 1308 1492 1349 rude
1513 1308 1755 1350 lines—not
1771 1308 1958 1350 heraldic
1975 1323 2021 1350 or
2042 1323 2086 1350 as
2104 1323 2128 1349 a
2145 1308 2299 1351 device.
2365 1309 2485 1351 Deed

533 1399 750 1441 indented.

593 1489 887 1531 Endorsed——‘
903 1488 1113 1530 Plimston
1142 1487 1229 1544 [for
1252 1488 1462 1531 Flimston
1480 1488 1537 1545 ἓ]
1601 1489 1840 1532 Indentura
1861 1491 1943 1532 22⁰-
1968 1489 2028 1531 H.
2054 1490 2173 1532 vna)

1369 1722 1656 1765 MCCCXLI.

537 1830 577 1871 A
633 1829 908 1872 CARDIFF
968 1829 1123 1871 FINE
1186 1829 1263 1871 OF
1325 1829 1532 1872 LANDS
1587 1830 1657 1872 IN
1720 1830 2490 1875 LLANVIHANGEL-JUXTA-

681 1920 1060 1964 OOWBRIDGE
1150 1920 1225 1963 TO
1313 1920 1667 1963 MARGARET
1754 1921 1972 1964 VERCH
2061 1922 2327 1965 GRIFFIN
2409 1924 2491 1966 ΑΡ

681 2011 949 2064 THOMAS,
1003 2012 1088 2054 BY
1141 2011 1406 2054 GRIFFIN
1458 2012 1539 2054 ΑΡ
1591 2012 1847 2055 THOMAS
1899 2013 2033 2055 AND
2086 2013 2267 2057 WIFE.

1333 2120 1550 2176 [Fomiox
1584 2120 1701 2177 MS]

1607 2215 1632 2253 4
1664 2211 1796 2254 JULY.
1861 2213 1914 2254 22
1948 2212 2072 2254 HEN.
2108 2213 2242 2255 VIII.
2311 2215 2433 2256 1530.

596 2319 691 2362 Hec
715 2324 776 2362 est
798 2320 937 2361 finalis
960 2320 1179 2362 concordia
1202 2320 1313 2361 facta
1336 2321 1378 2361 in
1404 2320 1606 2361 comitatu
1629 2319 1992 2362 GLAMORGANCIE
2016 2326 2056 2362 et
2079 2322 2355 2363 MORGANCIE
2377 2329 2496 2365 tento

538 2413 651 2467 apud
674 2411 858 2453 KERDIF
882 2412 949 2452 die
974 2412 1097 2453 Lune
1120 2418 1270 2466 quarto
1294 2411 1361 2452 «lie
1383 2411 1491 2452 Julii
1514 2427 1625 2453 anno
1647 2412 1768 2467 regni
1793 2412 1925 2467 Regis
1949 2412 2152 2454 HENRICI
2186 2414 2322 2455 octavi
2346 2421 2494 2456 xx11¹¹³⁰

538 2517 676 2544 coram
700 2501 906 2544 GEORGIO
928 2502 1174 2544 MATHEWE
1197 2503 1405 2558 armigero
1428 2509 1468 2544 et
1487 2502 1674 2544 ROGERO
1688 2502 1873 2544 BUTTON
1891 2518 2092 2558 generoso
2107 2505 2495 2547 locumtenentibus

539 2593 743 2636 HENmCI
777 2594 941 2636 comitis
973 2593 1223 2636 WIGORNIE
1255 2599 1357 2634 tunc
1389 2594 1644 2635 vicecomitis
1676 2593 2037 2636 GLAMORGANCIE
2071 2600 2113 2637 et
2145 2595 2420 2637 MORGANCIE
2453 2600 2494 2638 et

540 2684 853 2726 CHRISTOFERO
871 2684 1117 2726 MATHEWE
1136 2685 1346 2739 armigero
1369 2684 1582 2725 ROBERTO
1600 2700 1651 2739 ap
1671 2684 1891 2727 Wumffl
1910 2685 2156 2727 MATHEWE
2182 2685 2495 2728 CHRISTOFERO

539 2776 766 2818 FLEMYNG
799 2777 1011 2832 generosis
1043 2775 1316 2817 sectatoribus
1348 2775 1537 2830 ejusdem
1571 2777 1734 2819 comitis
1776 2782 1817 2819 et
1849 2777 1942 2818 aliis
1974 2776 2169 2819 fidelibus
2201 2782 2303 2818 tunc
2334 2777 2493 2819 ibidem

538 2867 802 2923 presentibus
824 2868 935 2909 inter
957 2867 1283 2908 MARGARETAM
1306 2867 1437 2908 filiam
1468 2866 1685 2909 GRIFFINI
1720 2883 1771 2923 ap
1804 2868 1994 2909 THOMAS
2026 2869 2078 2909 de
2114 2868 2492 2909 LLANVEHANGLE

538 2973 668 3013 prope
692 2956 935 2998 Cownmoss
959 2960 1203 3011 querentem
1227 2961 1267 2998 et
1291 2956 1559 2999 GRIFFINUM
1582 2973 1635 3013 ap
1668 2958 1859 3001 Tnoms
1891 2959 1994 3000 alias
2026 2959 2188 3001 dictum
2221 2958 2491 3001 GRIFFINUM

541 3048 703 3091 GOUGH
738 3054 777 3090 et
810 3048 1061 3089 MARCELEY
1093 3062 1268 3089 uxorem
1310 3048 1403 3102 ejus
1445 3050 1718 3092 deforcientes
1760 3052 1811 3092 de
1854 3054 2013 3105 septem
2046 3051 2151 3092 acris
2183 3055 2291 3092 terre
2324 3050 2495 3093 arabilis

540 3141 707 3181 situatis
738 3140 782 3180 in
815 3138 1012 3193 parochia
1045 3139 1095 3180 de
1128 3138 1507 3181 LLANVEHANGLE
1540 3141 1651 3183 inter
1682 3158 1816 3184 unum
1839 3157 2035 3197 eampum
2057 3141 2217 3183 ibidem
2240 3148 2434 3183 vocatum
2456 3142 2496 3183 le

542 3230 582 3271 N
588 3229 846 3270 omn-Fun
870 3244 921 3269 ex
944 3233 1061 3283 parte
1086 3229 1280 3270 orientali
1302 3235 1342 3271 et
1365 3231 1479 3272 viam
1502 3239 1692 3274 vocatam
1716 3232 1989 3275 Y01,n-WAY
2012 3248 2063 3273 ex
2095 3237 2214 3287 parte
2246 3233 2495 3274 occidentali

541 3325 581 3361 et
602 3319 1040 3360 GREGORY-ls-PITTE
1060 3335 1109 3361 ex
1128 3327 1246 3374 parte
1261 3323 1447 3365 australi.
1512 3323 1642 3366 Unde
1660 3325 1863 3380 placitum
1882 3325 2173 3367 conventionis
2188 3326 2497 3366 summonitum

541 3411 626 3452 fuit
648 3411 760 3451 inter
782 3425 849 3451 eos
872 3410 915 3450 in
940 3411 1085 3451 eodem
1109 3412 1311 3454 comitatu
1344 3414 1499 3456 scilicet
1530 3417 1642 3470 quod
1674 3417 1853 3471 predicti
1886 3416 2140 3458 GRiFFINUs
2172 3422 2213 3457 et
2244 3416 2497 3457 MARCELEY
