2362 3392
309 216 420 259 1730

306 425 368 468 Et
388 426 491 481 quia
511 426 626 469 dicta
640 429 756 468 terra
771 428 814 468 et
826 428 1072 468 tenementa
1083 427 1206 481 prata
1220 440 1375 481 pascua
1390 428 1433 469 et
1447 429 1620 482 past-ure
1634 429 1684 469 ut
1699 427 1938 483 predictum
1950 430 2013 470 est
2028 427 2206 483 prefatis

249 531 288 559 a.
311 520 354 559 et
375 532 408 559 c.
431 517 485 559 de
512 516 561 559 Τ.
585 532 661 573 per
686 518 798 573 ipsos
828 532 865 558 a.
888 520 931 559 et
959 531 993 559 c.
1017 517 1071 558 de
1095 515 1158 558 M.
1191 530 1384 559 concessa
1412 532 1500 559 non
1530 517 1616 559 sint
1646 518 1699 560 de
1732 520 1854 560 tanto
1888 532 2031 560 annuo
2063 518 2207 562 valore

248 607 357 650 sicut
375 608 563 663 predicte
584 608 745 651 decime
766 611 876 650 terre
897 610 940 650 et
960 610 1207 650 tenementa
1232 612 1274 649 et
1295 610 1433 650 cetera
1459 608 1664 663 premissa
1683 610 1733 650 ut
1752 608 1992 664 predictum
2012 611 2075 651 081
2103 609 2207 665 ipsis

250 713 287 741 a.
320 702 363 741 et
393 714 426 742 0.
449 700 502 741 (10
529 699 592 742 M.
617 676 944 741 001100888δά1011
973 713 1010 741 8.
1045 701 1087 740 01
1112 714 1144 741 0.
1178 699 1231 741 (10
1260 697 1322 741 M.
1356 699 1506 741 volunt
1537 702 1579 741 et
1610 714 1686 755 per
1717 702 1932 755 presentes
1967 700 2204 742 concedunt

249 803 325 845 pro
356 804 399 831 se
429 791 472 832 et
502 787 806 831 successoribus
834 788 920 831 suis
947 788 1147 845 predictis
1174 803 1210 831 a.
1244 791 1286 831 et
1315 803 1348 831 c.
1381 789 1434 831 de
1461 788 1510 831 T.
1544 793 1587 832 et
1617 789 1921 833 successoribus
1951 790 2037 833 suis
2066 805 2203 834 unum

247 881 477 923 annualem
497 880 715 923 redditum
735 880 959 936 sexaginta
981 880 1214 923 solidorum
1234 880 1386 936 legalis
1405 884 1574 923 monete
1599 881 1784 924 ANGLm
1812 882 1995 924 durante
2020 882 2204 926 termino

247 971 489 1028 supradicto
522 974 750 1014 exeuntem
785 971 838 1013 de
870 971 983 1014 dicto
1015 971 1271 1014 monasterio
1302 971 1355 1013 de
1385 970 1448 1014 M.
1510 971 1777 1015 Habendum
1809 975 1852 1015 et
1881 972 2202 1029 percipiendum

245 1062 484 1119 predictum
516 1062 747 1104 annualem
781 1062 999 1104 redditum
1034 1062 1257 1118 sexaginta
1293 1061 1524 1104 solidorum
1559 1062 1736 1118 prefatis
1776 1077 1814 1105 a.
1853 1067 1896 1105 et
1925 1079 1959 1106 0.
1992 1064 2046 1106 (10
2076 1062 2126 1106 Τ.
2159 1067 2203 1107 01

246 1152 550 1196 successoribus
594 1153 680 1195 suis
731 1153 956 1195 annuatim
996 1154 1178 1195 durante
1218 1153 1401 1195 termino
1453 1153 1643 1208 predicto
1696 1155 1751 1196 ad
1804 1153 1964 1196 festum
2009 1154 2202 1197 omnium

245 1248 488 1287 sanctorm
508 1244 624 1287 infra
645 1244 881 1300 prioratum
902 1243 1049 1287 Sancti
1070 1244 1100 1287 J
1103 1258 1229 1286 Acosst
1253 1244 1507 1287 BRISTOLL'.

303 1335 364 1378 Et
383 1336 557 1392 insuper
584 1335 763 1391 predicti
794 1350 830 1378 a.
862 1339 904 1378 et
932 1350 964 1378 0.
996 1337 1049 1377 (10
1077 1335 1127 1378 Τ.
1159 1350 1235 1392 pro
1266 1350 1308 1378 80
1337 1340 1379 1378 01
1410 1335 1713 1379 successoribus
1744 1336 1830 1378 suis
1860 1337 2097 1379 concedunt
2125 1352 2202 1393 per

245 1429 460 1483 presentes
491 1426 668 1483 prefatis
705 1441 741 1468 a.
779 1429 822 1469 et
859 1442 891 1469 0.
929 1428 983 1470 (10
1019 1426 1081 1469 Μ.
1120 1431 1162 1469 01
1197 1442 1227 1469 8.
1267 1442 1297 1469 8.
1336 1427 1454 1482 quod
1489 1429 1712 1482 postquam
1750 1427 1975 1482 sexaginta
2010 1427 2114 1469 anni
2148 1428 2203 1470 de

244 1518 443 1575 predictis
472 1518 697 1574 sexaginta
728 1522 770 1560 et
801 1519 945 1560 decem
975 1518 1099 1560 annis
1130 1518 1290 1561 fuerint
1320 1518 1452 1574 elapsi
1486 1518 1566 1574 ipsi
1599 1533 1635 1560 a.
1668 1522 1709 1560 et
1739 1533 1770 1560 0.
1800 1519 1852 1561 (10
1877 1517 1926 1561 Τ.
1954 1521 1996 1560 01
2023 1534 2053 1561 8.
2086 1533 2117 1561 8.
2152 1519 2207 1561 (10

243 1624 353 1652 novo
384 1609 544 1652 facient
573 1609 700 1652 modo
732 1612 774 1651 et
803 1609 941 1651 forma
972 1609 1172 1665 predictis
1205 1609 1470 1652 consimilem
1502 1609 1782 1651 tradicionem
1818 1610 2128 1652 concessionem
2160 1612 2202 1653 et

243 1701 534 1743 dimissionem
558 1716 633 1756 per
657 1701 932 1743 indenturam
962 1715 1081 1743 suam
1110 1701 1312 1757 predictis
1346 1700 1491 1743 abbati
1524 1704 1566 1743 et
1594 1701 1822 1743 conventui
1849 1701 1901 1743 de
1936 1701 1998 1743 M.
2029 1705 2072 1743 et
2099 1717 2130 1744 s.
2163 1716 2197 1744 8.

242 1793 295 1835 (10
331 1792 528 1835 omnibus
564 1795 606 1834 et
648 1792 829 1849 singulis
865 1791 1065 1847 predictis
1098 1795 1146 1834 ut
1183 1792 1423 1847 predictum
1461 1795 1534 1834 est.
1598 1791 1864 1834 Habendum
1895 1795 1938 1834 et
1966 1793 2201 1835 tenendum

243 1883 400 1926 eisdem
421 1883 567 1926 abbati
588 1887 631 1926 et
651 1884 879 1926 conventui
901 1885 953 1926 de
974 1883 1036 1926 M.
1061 1887 1102 1925 et
1124 1899 1155 1926 s.
1179 1898 1208 1925 8.
1233 1898 1309 1938 pro
1330 1883 1514 1925 termino
1543 1883 1725 1926 aliorum
1746 1883 1972 1939 sexaginta
1993 1886 2035 1926 et
2056 1885 2200 1926 decem

243 1990 453 2018 annorum
489 1979 531 2018 et
572 1975 629 2017 810
665 1975 717 2017 (10
753 1980 941 2030 tempore
976 1974 1022 2016 in
1062 1978 1230 2030 tempus
1266 1989 1362 2016 cum
1404 1974 1615 2016 acciderit.
1699 1974 1759 2016 Et
1799 1974 1977 2016 ulterius
2018 1974 2121 2016 dicti
2161 1989 2199 2017 a.

244 2069 287 2109 et
327 2082 360 2109 0.
403 2066 649 2109 monasterii
689 2066 742 2109 B.
785 2065 848 2108 M.
891 2067 943 2108 de
984 2064 1045 2107 M.
1090 2066 1326 2108 concedunt
1367 2081 1442 2122 per
1482 2068 1697 2121 presentes
1738 2066 1852 2121 quod
1891 2065 1973 2121 ipsi
2013 2067 2055 2107 et
2095 2080 2125 2107 s.
2166 2079 2197 2108 8.

243 2158 548 2215 acquietabunt
568 2161 611 2200 et
631 2158 863 2200 defendent
886 2158 1030 2199 omnia
1049 2156 1240 2213 predicta
1260 2160 1393 2199 terras
1414 2159 1456 2199 01
1481 2160 1726 2198 tenementa
1753 2156 1868 2198 infra
1895 2155 2199 2209 SALTMERCH',

243 2249 539 2301 HOSBRUGGE‚
593 2247 903 2300 TOKYNGTON',
946 2247 1179 2290 OLVEsToN
1232 2251 1274 2290 et
1320 2247 1628 2289 BRISTOLLIAM
1675 2247 1729 2289 ab
1769 2247 1886 2289 omni
1936 2247 2199 2289 districcione

245 2341 405 2384 ibidem
441 2340 613 2383 nomine
654 2340 817 2382 domini
861 2340 993 2395 Regis
1028 2354 1102 2381 8011
1133 2339 1300 2381 racione
1342 2338 1524 2394 alicujus
1561 2338 1752 2381 defectus
1788 2338 1999 2380 dictorum
2036 2336 2202 2379 abbatis

244 2436 289 2475 et
309 2434 541 2475 conventus
563 2432 615 2473 de
637 2430 699 2473 M.
718 2431 786 2472 vel
808 2445 1090 2473 successorum
1106 2445 1279 2473 suorum
1295 2430 1573 2486 imposterum
1597 2429 1801 2486 capienda
1817 2429 1998 2471 durante
2017 2428 2203 2471 termino

246 2524 447 2580 predicto.
510 2521 570 2564 Et
599 2521 794 2564 similiter
821 2521 1000 2577 predicti
1029 2536 1065 2563 a.
1089 2524 1132 2564 et
1163 2536 1196 2563 0.
1220 2522 1272 2563 (10
1294 2520 1343 2563 Τ.
1368 2524 1410 2562 01
1442 2535 1694 2563 successores
1724 2520 1789 2562 sui
1821 2518 2125 2574 acquietabunt
2158 2521 2201 2561 et

246 2615 480 2658 defendent
508 2612 697 2669 prefatos
728 2611 926 2655 abbatem
956 2615 999 2654 et
1019 2616 1278 2655 conventum
1308 2613 1361 2654 de
1382 2611 1444 2654 M.
1469 2615 1512 2654 et
1528 2626 1558 2654 8.
1578 2626 1608 2653 8.
1627 2610 1681 2653 ab
1712 2609 1828 2652 omni
1859 2609 2124 2652 districcione
2153 2609 2201 2651 in

246 2706 369 2748 terris
389 2707 432 2747 et
452 2703 625 2746 decimis
648 2703 700 2745 de
721 2702 779 2745 N.
804 2703 849 2745 O.
874 2706 916 2745 et
933 2702 991 2745 K.
1014 2702 1186 2745 nomine
1204 2702 1367 2744 domini
1384 2701 1520 2758 Regis
1534 2717 1607 2744 seu
1622 2700 1806 2756 episcopi
1819 2714 1896 2755 pro
1910 2699 2055 2754 aliqua
2075 2714 2199 2742 causa

247 2797 436 2853 ipsorum
468 2794 633 2837 abbatis
663 2796 707 2836 et
741 2796 972 2836 conventus
999 2793 1052 2835 de
1083 2792 1132 2836 T.
1163 2793 1232 2836 vel
1261 2807 1542 2835 successorum
1573 2806 1745 2834 suorum
1771 2790 1938 2833 racione
1959 2790 2200 2846 aliquarum

247 2887 517 2931 ecclesiarum
532 2888 742 2928 terrarum
763 2885 849 2926 sive
868 2887 1208 2926 tenementorum
1223 2884 1432 2926 dictorum
1455 2898 1492 2925 a.
1513 2886 1554 2925 et
1576 2898 1609 2925 0.
1628 2883 1681 2925 (10
1698 2881 1746 2924 Τ.
1765 2882 1880 2924 infra
1900 2880 2192 2938 [comitatum]

249 2978 609 3022 GLAMORGANCIE
650 2979 692 3018 et
738 2975 1011 3018 MORGANCIE
1052 2975 1237 3030 exceptis
1287 2973 1624 3017 districcionibus
1673 2973 1719 3015 in
1770 2973 1892 3015 terris
1943 2972 2202 3015 tenementis
