2362 3392
353 246 465 287 1954

289 453 375 495 suis
414 450 684 509 pertinenciis
722 447 957 503 vulgariter
995 442 1252 498 nuncupatis
1291 441 1636 483 SYGENSLONDES
1686 436 1925 494 jacentibus
1974 438 2019 479 in
2059 437 2235 480 SANCTA

288 543 491 585 BRIGIDA
524 542 724 599 predicta,
767 537 934 581 situatis
966 536 1078 577 inter
1118 536 1250 576 terras
1286 531 1453 574 ΤΗΟΜΕ
1490 530 1760 572 STRADLYNG
1794 529 1995 584 armigeri
2027 543 2079 570 ex
2115 534 2235 584 parte

288 634 484 677 orientali
505 636 545 675 et
566 636 699 675 terras
719 629 885 672 ΤΗΟΜΕ
907 642 961 682 ap
981 626 1010 669 J
1013 639 1107 667 OHN
1129 625 1181 666 de
1203 624 1402 665 BRYGAM
1424 621 1617 677 generosi
1637 635 1690 662 ex
1706 619 1898 675 partibus
1919 619 2168 661 occidentali
2189 625 2231 661 et

287 725 438 767 boriali
459 729 502 766 et
520 728 653 765 terras
686 720 907 762 EDWARDI
929 731 982 772 ap
1003 715 1033 759 J
1036 730 1128 757 orm
1151 716 1204 756 de
1238 713 1569 755 CLEMENSTOUN
1605 710 1798 767 generosi
1819 725 1869 752 ex
1890 713 2011 765 parte
2043 710 2232 752 australi.

291 815 364 858 Ita
383 830 482 857 vero
502 814 617 869 quod
636 827 714 854 nec
735 825 812 853 nos
842 808 998 865 prefati
1018 806 1305 850 WILLELMUS
1335 802 1606 845 STRADLYNG
1637 805 1678 844 et
1709 801 1998 843 MARGARETA
2019 815 2126 843 uxor
2145 815 2240 843 mea

291 921 367 948 nec
388 905 562 947 heredes
582 903 715 946 nostri
737 916 813 944 nec
833 899 987 955 aliquis
1007 898 1116 940 alius
1144 912 1219 952 per
1238 910 1315 937 nos
1334 894 1424 936 vice
1446 909 1518 936 seu
1539 892 1782 935 nominibus
1802 892 1956 934 nostris
1977 892 2149 947 aliquod
2168 891 2241 947 jus

288 997 463 1039 titulum
495 995 705 1038 clameum
737 993 938 1034 interesse
972 1004 1045 1031 seu
1081 987 1293 1030 demanda
1325 986 1378 1027 de
1412 990 1454 1026 et
1483 984 1528 1025 in
1570 983 1769 1038 predictis
1805 981 2013 1037 messuag’
2049 982 2158 1024 tofto
2194 987 2236 1024 et

290 1088 437 1131 ceteris
466 1086 679 1143 premissis
710 1098 807 1126 cum
837 1079 1109 1138 pertinenciis
1144 1093 1220 1120 nec
1250 1077 1296 1119 in
1328 1075 1472 1131 aliqua
1502 1075 1602 1117 inde
1633 1073 1817 1130 parcella
1850 1074 2040 1115 decetero
2071 1073 2241 1129 exigere

289 1179 470 1222 clamare
491 1176 748 1219 demandare
770 1189 843 1216 seu
864 1171 1085 1215 vendicare
1117 1168 1349 1224 poterimus
1369 1181 1446 1209 nec
1467 1165 1668 1208 debemus
1698 1164 1743 1206 in
1765 1164 1907 1205 futuro
1929 1164 2001 1205 sed
2034 1163 2087 1205 ab
2123 1163 2240 1205 omni

290 1269 458 1312 actione
490 1284 504 1323 J
513 1266 576 1309 ur'
609 1265 725 1308 titul'
748 1264 845 1307 stat’
869 1262 991 1306 clam'
1014 1262 1214 1303 interesse
1249 1273 1323 1301 seu
1356 1256 1554 1300 demand’
1577 1256 1677 1297 inde
1699 1269 1843 1297 sumus
1879 1254 2049 1310 penitus
2083 1254 2243 1296 exclusi

284 1360 598 1415 imperpetuum
620 1371 694 1412 per
723 1357 950 1411 presentes.
1013 1351 1072 1394 Et
1103 1366 1178 1393 nos
1214 1365 1311 1391 vero
1345 1348 1560 1404 predictus
1582 1345 1865 1390 WILLELMUS
1896 1344 2167 1388 STRADLYNG
2195 1352 2237 1387 et

285 1449 575 1492 MARGARETA
596 1462 702 1489 uxor
723 1460 817 1487 mea
837 1450 880 1487 et
901 1445 1074 1486 heredes
1095 1441 1228 1485 nostri
1250 1440 1438 1495 predicta
1458 1436 1667 1493 messuag'
1691 1435 1789 1478 toft'
1812 1441 1855 1478 et
1875 1439 2012 1478 cetera
2032 1436 2235 1491 premissa

289 1556 386 1584 cum
407 1541 493 1583 suis
513 1537 787 1595 pertinenciis
807 1536 974 1592 prefato
994 1534 1249 1577 WILLELMO
1267 1531 1424 1573 TYLER
1445 1528 1670 1571 heredibus
1687 1532 1729 1569 et
1749 1527 1976 1583 assignatis
1997 1527 2082 1569 suis
2098 1533 2244 1569 contra

290 1647 436 1676 omnes
472 1634 621 1686 gentes
657 1626 1029 1670 warantizabimus
1065 1628 1107 1666 et
1141 1623 1456 1679 imperpetuum
1487 1619 1765 1662 defendemus
1796 1633 1869 1673 per
1899 1620 2125 1672 presentes.
2187 1617 2243 1660 In

291 1724 415 1780 cujus
444 1723 506 1764 rei
529 1720 823 1772 testimonium
852 1733 928 1760 nos
960 1716 1139 1772 predicti
1162 1714 1446 1758 WILLELMUS
1474 1711 1744 1754 STRADLYNG
1766 1714 1807 1751 et
1830 1709 2118 1751 MARGARETA
2139 1724 2247 1752 uxor

290 1831 385 1858 mea
425 1813 524 1856 huic
564 1811 750 1868 presenti
801 1815 913 1852 carte
956 1811 1095 1850 nostre
1137 1806 1278 1862 sigilla
1318 1808 1462 1847 nostra
1504 1801 1788 1857 apposuimus.
1872 1799 1974 1842 Hiis
2015 1799 2192 1842 testibus
2235 1835 2244 1843 .

293 1907 551 1950 WILLELMO
588 1903 761 1945 HARRY
794 1934 803 1943 .
838 1901 1058 1944 JOHANNE
1094 1897 1186 1940 RYs
1223 1910 1387 1937 WEYTH
1424 1928 1432 1936 .
1465 1898 1506 1936 et
1540 1892 1707 1935 'raom
1737 1890 1943 1934 WALTER
1979 1892 2032 1932 de
2069 1890 2243 1933 SANCTA

295 1999 498 2041 BmeA
519 1995 709 2052 predicta
732 2028 740 2035 .
764 2007 963 2048 yemmen
987 2025 996 2032 .
1020 1994 1062 2032 et
1083 1988 1230 2031 multis
1251 1987 1358 2029 aliis.

351 2087 454 2131 Dat'
478 2088 630 2143 quarto
666 2085 734 2127 die
767 2083 795 2126 J
801 2083 892 2125 unii
928 2096 1040 2124 anno
1073 2079 1195 2136 regni
1233 2078 1394 2120 domini
1429 2075 1562 2118 nostri
1595 2073 1801 2116 HENRICI
1824 2073 1961 2115 octavi
1992 2073 2077 2115 Dei
2107 2073 2246 2130 gratia

294 2181 477 2223 ANGLIE
519 2177 726 2219 Famem
768 2179 809 2216 et
851 2172 1091 2215 HJBERNIE
1139 2170 1273 2225 Regis
1313 2168 1413 2210 fidei
1453 2165 1685 2208 defensoris
1725 2168 1767 2206 et
1818 2164 1862 2205 in
1915 2167 2027 2206 terra
2076 2163 2246 2206 ecclesie

295 2272 567 2314 ANGLICANE
591 2271 633 2309 et
656 2265 920 2308 HIBERNICE
942 2262 1128 2318 supremi
1149 2260 1298 2316 capitis
1319 2258 1531 2300 tricesimo
1553 2261 1682 2298 sexto.

357 2362 479 2405 Deed
501 2360 603 2415 poll.
670 2357 773 2399 Two
795 2356 914 2407 seals,
935 2354 1040 2397 both
1061 2368 1183 2409 gone.

357 2450 652 2495 Endorsed--‘
672 2446 884 2491 Wfflelmi
905 2445 1143 2500 Stradlyng
1165 2447 1207 2485 et
1228 2442 1473 2497 Margarete
1495 2439 1639 2481 uxoris
1655 2453 1728 2480 sue
1749 2437 1863 2479 facta
1885 2435 2105 2479 Willelmo
2119 2435 2251 2491 Tyler

300 2545 353 2587 de
375 2537 722 2599 Sygenslandes.'
