2362 3392
352 207 465 249 2032

1081 416 1458 460 MCCCCXXVI.

320 520 477 564 SALE
510 521 589 564 OF
628 521 850 574 LANDS,
882 521 1028 576 ETO„
1060 522 1133 566 IN
1164 523 1295 566 THE
1325 523 1553 567 MANOR
1584 525 1662 568 OF
1692 525 1956 579 SULLEY,
1987 526 2207 571 BARRY

438 603 687 657 ISLAND,
729 604 876 658 ETG„
918 605 994 648 ΤΟ
1035 605 1138 648 SIR
1178 606 1435 650 THOMAS
1476 606 1895 661 STRADLINGE,
1931 608 2076 652 KNT.

763 704 915 761 [Bm.
939 705 1072 758 Mus„
1094 705 1246 749 HARL.
1270 706 1365 750 MS.
1390 707 1487 760 608,
1510 706 1616 750 FOL.
1640 707 1762 764 39b.]

1770 792 1825 833 28
1846 791 1984 834 JUNE.
2049 792 2174 834 1558.

966 845 1222 889 ComTATUs
1253 846 1556 890 GLAMORGAN.

336 934 514 977 Parcell'
535 939 744 978 terrarum
765 940 808 978 et
827 937 1136 992 possessionum
1156 937 1186 980 J
1190 952 1369 980 ASPERIS
1390 953 1526 994 nuper
1546 939 1665 982 ducis
1686 939 1964 982 BEDEFORD'.

339 1025 582 1068 Manerium
602 1027 655 1069 de
677 1026 855 1069 SULLEY
876 1027 922 1070 in
944 1028 1149 1071 comitatu
1170 1030 1359 1084 predicto
1380 1029 1494 1072 valet
1513 1029 1559 1072 in

395 1117 542 1159 Firma
562 1118 696 1161 tocius
723 1119 903 1161 manerii
933 1120 985 1161 de
1017 1119 1196 1162 SULLEY
1224 1121 1404 1176 predicti
1434 1136 1530 1163 cum
1555 1122 1827 1178 pertinenciis

451 1209 508 1250 sic
528 1209 583 1250 ad
603 1209 771 1251 firmam
792 1210 955 1252 dimissi
976 1209 1234 1253 WILLELMO
1259 1212 1402 1254 comiti
1423 1212 1726 1255 PEMssnocnm
1754 1227 1829 1269 per

450 1314 604 1342 nomen
626 1299 875 1342 WILLELMI
898 1301 1155 1344 HERBERTE
1182 1303 1330 1345 militis
1360 1318 1436 1359 per
1465 1304 1629 1346 litteras
1660 1303 1824 1346 domini

447 1406 584 1446 nuper
605 1390 739 1447 Regis
760 1391 965 1434 HENRICI
989 1394 1118 1435 an'i·
1147 1397 1341 1449 patentes
1369 1395 1491 1437 datas
1518 1395 1633 1450 apud
1662 1394 1821 1438 WEST-

448 1495 771 1523 MONASTERIUM
802 1488 931 1524 x1Jm0·
962 1483 1031 1525 die
1059 1482 1214 1540 Marcij
1251 1499 1362 1526 anno
1383 1484 1507 1541 regni
1538 1485 1603 1527 sui
1631 1487 1815 1527 XXXVIm·

446 1571 711 1614 Habendum
751 1588 776 1614 a
811 1573 934 1616 ffesto
969 1573 1116 1616 Sancti
1152 1574 1412 1617 MICHAELIS
1445 1575 1690 1632 archangeli
1719 1579 1823 1618 tunc

444 1663 596 1705 ultimo
635 1664 836 1719 preterito
876 1679 1008 1720 usque
1048 1666 1192 1707 ffinem
1234 1666 1404 1707 termini
1446 1666 1583 1707 xxfflus·
1612 1681 1822 1708 annorum

442 1757 599 1795 extunc
634 1754 827 1808 proximo
867 1755 1139 1810 sequencium
1181 1755 1418 1799 Reddendo
1459 1757 1557 1799 inde
1600 1758 1653 1799 ad
1693 1756 1819 1799 ffesta

440 1844 783 1887 annunciationis
805 1845 928 1888 beate
951 1845 1112 1888 MARIE
1135 1847 1314 1903 virginis
1334 1851 1376 1889 et
1392 1846 1538 1890 Sancti
1561 1848 1817 1890 Mmmssms

441 1935 687 1991 archangeli
707 1936 915 1991 equaliter
936 1937 1027 1978 xxfl·
1047 1944 1139 1978 XIJS·
1170 1938 1287 1979 an¹¹·
1308 1938 1421 1980 ultra
1444 1946 1545 1980 LXJS·
1573 1940 1625 1980 de
1646 1939 1817 1980 redditu

438 2025 505 2081 cuj
513 2026 659 2068 usdam
675 2026 812 2068 insule
826 2027 915 2069 sine
928 2042 1147 2069 warrenne
1161 2032 1305 2070 vocate
1319 2028 1391 2070 the
1407 2028 1549 2070 ilande
1566 2028 1612 2071 of
1624 2028 1816 2071 BARREY

439 2116 610 2172 parcell'
648 2116 840 2173 ejusdem
872 2118 1053 2160 manerii
1086 2133 1275 2161 concesse
1310 2134 1385 2174 per
1425 2119 1647 2161 dominum
1680 2135 1817 2176 nuper

442 2208 607 2264 Regem
648 2207 925 2251 EDWARDUM
968 2211 1091 2252 mmm.
1114 2210 1280 2265 prefato
1322 2211 1467 2253 comiti
1506 2210 1734 2253 heredibus
1774 2215 1816 2254 et

439 2299 666 2355 assignatis
705 2300 791 2342 suis
831 2300 1148 2357 imperpetuum
1194 2307 1319 2357 prout
1367 2302 1412 2343 in
1453 2302 1612 2344 eisdem
1659 2302 1813 2344 litteris

437 2390 681 2445 patentibus
701 2390 894 2446 ejusdem
915 2407 1051 2447 nuper
1067 2392 1201 2448 Regis
1222 2393 1333 2434 datis
1363 2394 1476 2448 apud
1507 2392 1813 2436 WESTMoxAs·

438 2495 613 2523 TERIUM
649 2488 734 2523 x¹²²0=
762 2482 830 2524 die
863 2482 892 2524 J
897 2482 972 2538 ulij
1013 2498 1125 2525 anno
1160 2484 1283 2539 regni
1317 2484 1381 2526 sui
1413 2484 1550 2539 primo
1586 2488 1704 2539 patet
1739 2499 1815 2540 per

439 2587 601 2614 annum
1863 2576 2069 2618 ΧΧῙῖ-ΧΠΞ·
2098 2576 2217 2618 vuffl-

324 2663 653 2705 Memorandum
681 2664 753 2705 the
780 2665 1000 2719 premisses
1021 2665 1092 2720 lye
1113 2670 1188 2708 not
1209 2681 1309 2707 nere
1329 2680 1416 2721 any
1438 2666 1509 2707 the
1531 2665 1680 2722 Kinge
1701 2667 1786 2708 and
1809 2666 1979 2712 Quenes
1999 2666 2214 2723 majesties

264 2768 495 2796 mannours
514 2753 700 2796 honours
721 2755 910 2797 castelles
931 2771 977 2797 or
998 2755 1158 2798 howses
1179 2756 1424 2799 whereunto
1445 2757 1556 2799 their
1577 2757 1663 2813 maj
1670 2758 1793 2799 esties
1813 2757 1920 2800 have
1941 2757 2053 2800 their
2073 2757 2213 2800 usuall

265 2859 437 2886 accesse.
498 2844 605 2886 Also
637 2844 710 2886 the
742 2860 855 2888 same
885 2846 920 2887 is
956 2860 980 2887 a
1007 2861 1218 2889 mannour
1245 2847 1290 2889 of
1316 2848 1349 2888 it
1379 2847 1482 2890 selfe
1513 2849 1597 2890 and
1624 2848 1780 2904 parcell
1817 2848 1862 2890 of
1891 2848 1965 2890 the
1998 2848 2089 2890 said
2128 2848 2214 2890 late

266 2934 414 2977 duke’s
435 2935 700 2990 possessions.
