2362 3392
1957 290 2066 331 1923

170 504 319 532 corone
348 491 490 531 nostre
514 503 590 544 pro
622 493 811 544 tempore
835 487 1116 531 existentibus
1152 504 1279 544 quam
1317 490 1651 547 quibuscumque
1685 494 1969 549 receptoribus
1998 497 2118 539 audi-

168 571 329 614 toribus
351 575 392 613 et
413 571 508 613 aliis
529 570 738 613 officiariis
758 573 801 612 et
821 571 1029 613 ministris
1049 572 1203 614 nostris
1224 573 1434 615 sufficiens
1454 578 1715 617 warrantum
1736 579 1779 618 et
1799 578 2046 621 exoneracio
2073 580 2119 621 in

168 654 247 696 hac
281 656 414 710 parte.

223 736 284 778 Et
318 736 496 778 ulterius
530 736 582 778 de
615 735 796 778 uberiori
830 737 974 792 gracia
1005 740 1149 779 nostra
1184 739 1379 780 volumus
1413 742 1456 780 et
1490 753 1566 794 per
1603 744 1818 795 presentes
1851 743 2118 786 concedimus

166 819 332 875 prefato
364 818 506 861 chno
533 818 778 860 MANXELL'
801 819 944 861 omnia
974 819 1114 861 exitus
1133 820 1326 862 redditus
1355 822 1626 865 revenciones
1650 826 1692 865 et
1719 824 1906 879 proficua
1925 826 2118 868 omnium

166 904 208 943 et
239 901 508 957 singulorum
538 902 838 957 premissorum
872 902 1064 956 superius
1097 917 1389 958 expressorum
1420 907 1462 946 et
1492 905 1826 961 specificatorum
1857 922 1954 949 cum
1987 909 2116 964 perti-

163 985 322 1027 nentiis
352 1000 377 1026 a
408 985 516 1027 festo
553 984 594 1027 S.
630 984 772 1027 an.
809 985 1053 1041 archangeli
1081 986 1233 1029 ultimo
1254 987 1456 1042 preterito
1476 987 1694 1044 hucusque
1714 990 2010 1044 provenientes
2031 992 2118 1034 sive

166 1070 408 1109 crescentes.

225 1149 489 1192 Habendum
510 1150 648 1192 eidem
671 1150 813 1192 Rlcno
834 1150 1081 1193 MANXELL'
1104 1167 1156 1193 ex
1177 1152 1289 1194 dono
1319 1155 1463 1195 nostro
1484 1153 1642 1209 absque
1663 1158 1856 1210 compoto
1878 1171 1951 1198 seu
1973 1156 2116 1212 aliquo

163 1232 246 1273 alio
267 1232 445 1287 proinde
482 1232 604 1275 nobis
636 1232 777 1275 hered.
801 1234 869 1275 vel
891 1248 1061 1275 success.
1086 1234 1241 1276 nostris
1263 1237 1560 1291 quoquomodo
1590 1237 1806 1279 reddendo
1828 1238 2029 1281 solvendo
2050 1239 2117 1281 vel

164 1315 372 1358 faoiendo.

222 1398 433 1441 Volumus
463 1399 636 1455 insuper
656 1414 704 1441 ac
733 1414 808 1454 per
828 1403 1044 1455 presentes
1074 1400 1342 1443 concedimus
1362 1401 1529 1456 prefato
1561 1402 1703 1444 Rlcno
1734 1403 1979 1446 MANXELL'
2002 1406 2116 1459 quod

162 1481 316 1523 habeat
336 1485 379 1523 et
398 1481 573 1524 habebit
593 1481 670 1524 has
689 1482 854 1524 litteras
883 1485 1049 1525 nostras
1079 1486 1274 1538 patentes
1294 1484 1373 1527 sub
1403 1500 1562 1541 magno
1593 1485 1735 1542 sigillo
1766 1489 1909 1529 nostro
1930 1487 2116 1530 ANGLOE

164 1563 307 1606 debito
329 1565 455 1606 modo
488 1564 622 1607 factas
643 1568 686 1606 et
706 1564 917 1620 sigillatas
945 1565 1103 1621 absque
1124 1566 1209 1608 fine
1230 1581 1304 1609 seu
1324 1566 1449 1610 feodo
1476 1582 1635 1624 magno
1667 1569 1734 1610 vel
1761 1584 1891 1625 parvo
1923 1570 2045 1612 nobis
2071 1571 2117 1613 in

161 1646 392 1702 hanaperio
433 1650 577 1689 nostro
619 1662 692 1689 seu
732 1647 834 1690 alibi
875 1649 929 1690 ad
965 1664 1090 1691 usum
1123 1652 1316 1692 nostrum
1356 1650 1534 1706 proinde
1570 1653 1866 1707 quoquomodo
1898 1654 2115 1696 reddendo

163 1730 363 1772 solvendo
385 1730 452 1772 vel
474 1730 681 1772 faciendo.

220 1811 286 1855 Eo
318 1813 431 1867 quod
453 1827 648 1868 expressa
668 1813 831 1855 mencio
854 1814 906 1855 de
927 1829 1025 1856 vero
1047 1815 1187 1857 valore
1209 1830 1352 1857 annuo
1373 1819 1449 1857 aut
1469 1817 1522 1858 de
1542 1817 1797 1859 certitudine
1818 1818 2119 1873 premissorum

162 1895 248 1937 sive
282 1910 429 1937 eorum
451 1895 629 1950 alicujus
664 1899 739 1937 aut
761 1896 813 1938 de
834 1896 928 1938 aliis
962 1898 1084 1939 donis
1105 1898 1191 1940 sive
1223 1897 1558 1940 concessionibus
1578 1914 1652 1954 per
1685 1914 1761 1942 nos
1788 1900 1953 1955 prefato
1976 1901 2119 1944 R10E0

161 1977 408 2019 MANXELL’
432 1981 530 2019 ante
550 1978 626 2020 hec
647 1981 839 2033 tempora
870 1979 994 2021 factis
1014 1979 1059 2021 in
1081 1980 1347 2035 presentibus
1367 1981 1543 2023 minime
1574 1981 1689 2023 facta
1710 1982 1855 2024 existit
1876 1986 1951 2025 aut
1972 1983 2114 2040 aliquo

161 2063 320 2102 statuto
342 2065 439 2102 actu
461 2060 731 2102 ordinacione
752 2062 991 2116 provisione
1012 2063 1098 2104 sive
1119 2064 1384 2106 restriccione
1399 2065 1499 2106 inde
1520 2065 1565 2106 in
1587 2066 1846 2108 contrarium
1867 2066 1980 2109 facta
2001 2068 2117 2110 edita

162 2144 357 2185 ordinata
394 2143 480 2185 sive
514 2144 682 2199 provisa
713 2148 787 2186 aut
815 2145 959 2200 aliqua
980 2146 1064 2187 alia
1094 2160 1139 2187 re
1160 2161 1284 2188 causa
1314 2149 1380 2189 vel
1401 2149 1579 2190 materia
1600 2163 1866 2205 quacumque
1896 2149 1941 2191 in
1971 2150 2115 2206 aliquo

161 2241 247 2268 non
269 2226 478 2269 obstante.

217 2309 273 2351 In
294 2309 362 2365 cuj
369 2324 417 2351 us
438 2309 499 2350 rei
519 2309 812 2352 testimonium
833 2310 909 2352 has
930 2311 1094 2353 litteras
1116 2315 1278 2354 nostras
1299 2313 1390 2355 fieri
1411 2313 1589 2355 fecimus
1610 2317 1817 2370 patentes,

215 2391 340 2434 Teste
362 2407 428 2433 me
448 2392 539 2446 ipso
561 2393 675 2446 apud
696 2392 1161 2436 WESTMONASTERIUM
1182 2395 1379 2437 vicesimo
1400 2397 1582 2438 secundo
1599 2397 1668 2439 die
1687 2396 1717 2439 J
1720 2397 1811 2439 unii
1842 2413 1954 2440 anno
1985 2399 2109 2455 regni

158 2474 293 2517 nostri
313 2473 525 2515 tricesimo
546 2475 742 2516 secundo.

217 2556 300 2598 Per
324 2558 445 2597 breve
466 2556 520 2598 de
539 2556 706 2611 privato
728 2556 870 2612 sigillo
891 2560 932 2599 et
953 2558 1005 2599 de
1026 2559 1127 2600 data
1147 2559 1337 2614 predicta
1357 2560 1607 2602 auctoritate
1628 2562 1910 2615 parliamenti.

220 2638 494 2681 Irrotulatur.
1592 2642 1670 2686 Sn.
1706 2643 1876 2687 HALEs.

844 2723 898 2766 R.
932 2723 1120 2766 TUPPER
1150 2725 1426 2769 examinavit.

214 2821 446 2877 Imperfect
481 2824 602 2876 great
638 2822 724 2863 seal
760 2822 805 2863 of
843 2822 965 2879 King
996 2823 1169 2866 HENRY
1199 2824 1350 2877 VIII„
1371 2825 1489 2867 third
1519 2830 1636 2881 type,
1657 2826 1962 2883 bronze-green
1992 2844 2102 2882 wax,

159 2903 380 2960 appended
411 2902 471 2957 by
507 2918 636 2958 green
673 2904 758 2946 and
794 2904 923 2948 white
954 2906 1034 2948 silk
1057 2907 1235 2949 strands.
1298 2906 1376 2950 See
1397 2907 1541 2959 Birch,
1569 2908 1700 2951 Oatal.
1725 2910 1902 2955 of'Seals
1925 2913 1964 2952 z'tz
1988 2912 2098 2954 Brit.

164 2986 287 3036 Mus„
309 2984 393 3027 No.
418 2985 515 3027 383.
