2362 3392
1941 212 2051 255 1693

163 429 315 484 ripaml
352 443 460 484 aque
496 429 547 469 de
580 427 747 468 AvENE
781 427 825 468 in
859 431 977 482 parte
1011 425 1180 468 boreali.
1243 425 1510 467 Habendum
1542 428 1583 465 et
1613 423 1848 465 tenendum
1875 422 2112 478 predictam

162 520 388 576 grangiam
409 533 505 560 cum
526 517 722 559 omnibus
743 517 1010 572 pertinentiis
1031 517 1116 558 suis
1138 515 1336 571 predictis
1363 514 1549 570 exceptis
1581 513 1844 569 preexceptis
1873 519 1916 554 et
1943 512 2106 568 predic-

165 614 254 652 tam
274 609 502 665 parcellam
522 612 633 650 terre
649 624 746 650 cum
767 607 1036 663 pertinentiis
1057 608 1142 649 suis
1163 606 1339 662 prefatis
1361 604 1581 647 HowELL'
1606 638 1614 646 .
1645 605 1901 648 WILLELMO
1925 638 1932 646 .
1958 603 2113 645 DAvm

125 714 130 717 ’
167 705 210 743 et
231 701 390 743 GRONo
411 705 451 741 et
474 698 647 741 cuilibet
669 714 812 741 eorum
835 700 889 740 ad
905 699 1136 741 terminum
1157 697 1314 754 viginti
1333 712 1544 739 annorum
1564 700 1659 752 post
1679 696 1827 738 datum
1852 695 2113 750 presencium

167 797 208 835 et
248 792 432 835 mediate
473 790 745 846 sequencium
786 790 974 846 plenarie
1005 789 1362 844 complendorum.
1438 787 1677 830 Reddendo
1706 787 1807 829 inde
1837 784 2114 843 an[n]uatim

166 883 365 941 predictis
386 881 531 923 abbati
552 884 595 923 et
615 880 843 923 conventui
864 883 906 923 et
927 896 1070 922 eorum
1101 879 1404 923 successoribus
1431 894 1506 935 pro
1533 879 1722 935 predicta
1757 878 1939 934 grangia
1971 878 2113 919 decem

168 990 328 1017 marcas
350 975 651 1030 sterlingorum
674 974 729 1015 ad
750 972 953 1014 terminos
983 971 1238 1027 subscriptos
1265 971 1462 1014 videlicet
1492 971 1681 1027 quinque
1712 985 1873 1012 marcas
1908 972 1951 1011 et
1981 982 2117 1010 unum

167 1080 391 1108 carnocum
421 1065 518 1107 salis
548 1066 602 1107 ad
635 1064 793 1106 festum
826 1062 972 1105 Sancti
1004 1062 1264 1104 MICHAELIS
1297 1062 1540 1118 archangeli
1573 1065 1615 1104 et
1650 1061 1839 1117 quinque
1871 1075 2031 1103 mareas
2064 1060 2118 1102 ad

168 1157 326 1200 festum
347 1159 589 1208 sanctorum
610 1155 896 1211 apostolorum
919 1153 1137 1196 PH1L1PP1
1160 1157 1202 1196 et
1238 1153 1267 1196 J
1270 1167 1412 1195 Acom.
1477 1153 1718 1195 Reddendo
1752 1153 1886 1195 eciam
1917 1151 2118 1208 predictis

169 1248 314 1291 abbati
345 1251 388 1290 et
422 1246 650 1290 conventui
687 1251 727 1288 et
763 1260 909 1287 eorum
942 1245 1246 1287 successoribus
1281 1259 1354 1300 pro
1389 1244 1578 1300 predicta
1618 1244 1800 1300 parcella
1827 1244 1937 1286 terre
1973 1245 2121 1285 vocata

172 1338 387 1383 GAMLASE
439 1338 626 1393 quinque
667 1351 830 1378 marcas
870 1336 1172 1391 sterlingorum
1206 1351 1277 1377 sex
1311 1335 1464 1377 solidos
1501 1349 1600 1377 vm.
1643 1335 1837 1377 denarios
1872 1335 1927 1376 ad
1965 1334 2121 1376 festum

170 1429 473 1485 assumpcionis
509 1429 630 1471 beate
663 1427 823 1471 Minue
857 1427 1048 1483 virginis.
1111 1426 1171 1468 Et
1212 1427 1247 1468 si
1283 1426 1461 1482 predicti
1491 1426 1710 1468 HOWELL'
1746 1460 1753 1468 .
1789 1425 2073 1469 WILLELMUS
2112 1458 2120 1466 .

168 1521 324 1564 DAvm
355 1526 395 1563 et
433 1520 591 1563 GaoNo
622 1519 805 1562 obierint
830 1518 945 1560 infra
970 1517 1203 1560 terminum
1228 1518 1467 1573 predictum
1493 1519 1607 1573 quod
1643 1517 1752 1560 absit
1789 1517 1903 1559 dicta
1938 1516 2122 1572 grangia

172 1628 268 1655 cum
290 1611 486 1654 omnibus
506 1610 775 1666 pertinentiis
796 1610 881 1651 suis
902 1614 944 1651 et
965 1610 1155 1664 predicta
1176 1609 1357 1664 parcella
1377 1612 1486 1651 terre
1509 1623 1604 1651 cum
1633 1607 1828 1650 omnibus
1855 1607 2126 1663 pertinentiis

172 1704 258 1747 suis
298 1703 422 1745 dictis
452 1702 596 1744 abbati
619 1704 662 1743 et
693 1701 920 1743 conventui
953 1705 994 1743 et
1029 1715 1173 1742 eorum
1210 1699 1512 1742 successoribus
1543 1699 1824 1742 remanebunt·
1859 1699 1948 1741 sine
1983 1699 2127 1754 aliqua

173 1793 508 1837 contradiccione
521 1793 605 1835 hiis
621 1791 814 1835 denturis
830 1807 916 1833 non
936 1791 1214 1833 obstantibus.
1268 1791 1325 1832 Et
1347 1791 1526 1846 predicti
1548 1789 1769 1832 HOWELL'
1786 1824 1793 1831 .
1811 1789 2095 1833 WILLELMUS
2115 1822 2123 1830 .

173 1887 329 1929 DAvm
371 1889 412 1927 et
454 1884 613 1927 GRONO
653 1887 845 1926 tenentes
886 1883 1095 1924 dictorum
1136 1882 1300 1924 abbatis
1340 1887 1380 1923 et
1423 1884 1654 1924 conventus
1696 1896 1819 1937 super
1859 1882 2034 1924 feodum
2075 1883 2127 1925 de

174 1978 489 2020 HAvo‘rPORTH
513 1990 764 2031 quocunque
787 1974 921 2016 colore
942 1974 1106 2029 quesito
1128 1989 1212 2015 non
1236 1973 1452 2015 vexabunt
1473 1973 1759 2015 molestabunt
1782 1988 1854 2015 seu
1875 1988 2127 2030 quocunque

174 2069 300 2111 modo
322 2067 564 2124 gravabunt
586 2067 658 2108 sed
680 2065 713 2107 si
735 2065 913 2121 predicti
933 2068 1128 2107 tenentes
1149 2079 1272 2120 super
1289 2067 1422 2105 terras
1443 2064 1576 2105 ferme
1598 2079 1742 2106 eorum
1775 2065 1962 2119 predicte
1992 2068 2128 2107 trans-

175 2160 295 2215 gredi
333 2158 559 2214 contigerit
595 2161 697 2199 tunc
723 2156 959 2212 prepositus
991 2171 1062 2197 seu
1091 2155 1272 2197 ballivus
1304 2155 1513 2197 dictorum
1545 2154 1766 2197 HOWELL'
1803 2188 1811 2196 .
1842 2155 2092 2198 WILLELMI
2118 2191 2125 2198 .

177 2250 333 2293 DAvm
366 2254 407 2290 et
440 2249 597 2291 GRoNo
617 2247 826 2303 predictos
849 2249 1040 2288 tenentes
1068 2247 1122 2287 ad
1151 2246 1311 2288 curiam
1339 2246 1548 2287 dictorum
1570 2245 1736 2288 abbatis
1757 2250 1799 2288 et
1819 2250 2051 2289 conventus
2073 2248 2126 2288 de

176 2341 489 2384 HAVOTPORTH
510 2338 805 2381 attachiabunt
827 2343 868 2379 et
900 2338 1131 2380 secundum
1160 2338 1411 2392 qualitatem
1444 2337 1587 2379 delicti
1620 2353 1694 2392 per
1724 2338 2017 2393 juramentum
2054 2354 2126 2380 sex

176 2434 259 2475 fide
312 2432 541 2487 dignorum
602 2429 866 2472 taxabuntur
910 2434 951 2470 et
1001 2428 1179 2483 predicti
1240 2427 1368 2470 abbas
1418 2431 1458 2470 et
1511 2432 1740 2470 conventus
1800 2428 2120 2486 medietate[m]

182 2521 444 2580 [habebunt]
490 2521 913 2563 amerciamentorum
956 2534 1030 2574 pro
1080 2519 1412 2575 transgressione
1463 2519 1548 2561 illis
1598 2519 1724 2561 facta.
1801 2519 1984 2575 Insuper
2024 2521 2126 2562 dicti

177 2612 396 2656 HowELL'
446 2645 455 2655 .
505 2611 787 2653 WILLELMUS
834 2644 841 2651 .
891 2609 1044 2651 DAvm
1085 2614 1126 2651 et
1174 2609 1331 2651 GRONo
1383 2610 1615 2665 predictam
1665 2610 1891 2666 grangiam
1942 2614 2031 2653 tam
2080 2611 2125 2653 in

178 2705 374 2747 domibus
424 2717 553 2759 quam
600 2701 646 2742 in
693 2700 815 2742 fossis
867 2699 952 2757 [et]
1007 2700 1211 2742 clausuris
1260 2700 1517 2756 reparabunt
1566 2700 1905 2742 manutenebunt
1951 2704 1993 2743 et
2038 2718 2126 2744 sus-

178 2795 406 2838 tentabunt
449 2798 492 2836 et
532 2794 575 2835 in
618 2792 694 2834 fini
735 2791 908 2833 termini
953 2791 1130 2847 predicti
1180 2792 1414 2846 predictam
1455 2792 1682 2848 grangiam
1723 2806 1818 2833 cum
1858 2792 2126 2847 pertinentiis

179 2887 264 2929 suis
299 2887 593 2941 computenter
629 2884 715 2939 (sie)
753 2886 796 2924 et
822 2883 1076 2925 sufficienter
1109 2883 1368 2938 reparabunt
1402 2886 1443 2924 et
1474 2883 1710 2938 predictam
1749 2884 1976 2943 parcellam
2017 2887 2127 2926 terre

180 2992 276 3019 cum
320 2974 587 3032 pertinentiis
628 2974 713 3015 suis
758 2972 958 3028 predictis
998 2972 1143 3015 abbati
1189 2977 1231 3014 et
1274 2973 1502 3015 conventui
1553 2976 1595 3014 et
1636 2988 1780 3015 eorum
1827 2974 2128 3017 successoribus

1009 3063 1056 3101 (1)
1101 3063 1192 3100 Ripe,
1214 3063 1281 3092 MS.
