2362 3392
302 226 414 267 1736

242 435 284 475 et
313 447 565 475 successores
594 431 729 475 nostri
759 430 994 487 predictam
1025 432 1186 471 turrem
1219 444 1316 471 cum
1349 428 1545 472 omnibus
1581 429 1834 484 curtiHagiis
1865 432 1908 471 et
1942 428 2075 471 muris
2107 428 2187 472 sibi

239 523 529 580 spectantibus
570 538 618 565 ac
659 522 791 564 eciam
830 520 1068 577 predictum
1103 519 1393 575 curtillagium
1440 519 1511 575 adj
1517 519 1652 562 acent'
1696 522 1746 562 ut
1787 520 2078 575 supradictum
2123 521 2186 562 est

236 617 382 656 contra
410 629 554 656 omnes
574 616 723 669 gentes
743 609 1112 654 warantizabimus
1132 612 1174 651 et
1204 609 1519 666 imperpetuum
1550 610 1841 653 defendemus.
1903 609 1959 652 In
1981 609 2048 666 cuj
2054 625 2104 652 us
2122 608 2185 652 rei

236 704 528 746 testimonium
548 703 647 745 huic
671 684 856 758 presenti
877 703 989 743 carte
1010 703 1152 742 nostre
1174 699 1316 756 sigilla
1335 703 1480 743 nostra
1501 700 1785 756 apposuimus.
1848 699 1951 742 Hiis
1972 699 2150 742 testibus
2172 732 2182 741 .

233 795 439 837 RICARDO
469 794 678 836 PRESENT
701 826 709 835 .
733 792 763 835 J
766 806 954 834 OHANNE
984 790 1130 833 Goom:
1160 796 1264 834 tunc
1288 791 1457 834 ballivis
1477 792 1588 834 dicte
1609 792 1709 833 ville
1732 825 1740 834 .
1764 791 1794 834 J
1797 805 1984 833 OHANNE
2015 790 2149 832 EvER
2172 823 2181 832 .

234 885 491 928 WILLELMO
515 884 706 926 RoGGER
727 886 830 925 tunc
851 886 1068 939 sargentes
1085 882 1279 938 ejusdem
1295 882 1396 924 ville
1419 915 1427 924 .
1451 881 1605 924 DAvm
1626 897 1679 938 ap
1700 881 1963 924 LLEWELYN
1988 915 1996 923 .
2020 880 2184 923 HOELL

229 975 449 1018 PRENCHE
481 1009 490 1018 .
523 975 553 1018 J
555 989 743 1017 OHANNE
775 974 922 1016 PEREs
945 977 987 1016 et
1007 974 1155 1016 multis
1175 974 1282 1016 ah'is.

284 1066 385 1109 Dat'
434 1067 549 1122 apud
600 1066 877 1109 COWBRIGGE
918 1065 1115 1107 vicesimo
1156 1068 1275 1107 sexto
1315 1065 1384 1106 die
1424 1064 1580 1106 mensis
1617 1063 1877 1120 Septembris
1915 1078 2028 1105 anno
2057 1062 2181 1119 regni

229 1157 361 1214 Regis
383 1157 589 1199 HENRICI
611 1156 782 1213 septimi
800 1159 896 1213 post
917 1159 1194 1212 conquestum
1216 1156 1357 1199 tercio.

283 1248 421 1291 Three
443 1249 566 1300 senas,
586 1249 644 1290 au
664 1263 786 1304 gone.
849 1248 971 1290 Deed
993 1248 1094 1303 poll.

280 1339 575 1382 Endorsed—‘
591 1338 719 1382 Carta
739 1340 779 1382 le
799 1343 929 1382 towre
951 1339 1003 1381 de
1025 1338 1292 1395 Oowbryge.'

1084 1741 1313 1785 MOGLII.

220 1869 687 1913 MEMORANDUM
728 1868 806 1910 OF
850 1868 895 1910 A
942 1866 1143 1909 LEASE
1191 1866 1314 1908 FOR
1365 1866 1583 1908 THREE
1634 1866 1818 1910 LIVES
1869 1867 1955 1910 BY
2004 1867 2174 1911 JOHN

365 1959 730 2011 MAUNCELL,
785 1958 954 2001 LORD
1016 1957 1094 2000 OF
1154 1956 1521 2000 OXENWIOH’
1572 1957 1708 2000 AND
1770 1957 2044 2009 HORTON,
2095 1958 2172 2001 TO

366 2052 395 2095 J
399 2051 535 2094 OHN
567 2049 849 2101 SEWARD,
882 2049 998 2092 SON
1031 2048 1109 2090 OF
1141 2047 1280 2090 ELIS
1313 2047 1595 2100 SEWARD,
1627 2048 1655 2091 J
1659 2048 1935 2090 OHANNA
1967 2048 2174 2103 GIBBE,

365 2142 474 2185 HIS
510 2141 693 2192 WIFE,
725 2141 859 2183 AND
898 2140 1024 2182 ONE
1061 2139 1191 2190 SON,
1224 2138 1302 2181 OF
1332 2138 1376 2181 A
1407 2138 1755 2181 TENEMENT
1793 2138 1958 2182 LATE
1995 2139 2173 2182 HELD

365 2233 451 2276 BY
493 2233 622 2275 THE
665 2231 811 2275 SAID
853 2231 993 2274 ELIS
1035 2230 1106 2273 IN
1149 2229 1423 2281 HORTON,
1465 2229 1636 2272 RENT
1679 2231 1805 2272 lsssn.
1846 2231 1914 2272 61).
1954 2230 2089 2273 AND
2130 2230 2175 2274 A

281 2450 542 2493 Witnesses:
581 2448 785 2490 MARGAN
819 2447 1087 2498 MAUNCELL,
1112 2446 1332 2489 WILLIAM
1365 2444 1619 2497 CORTHOPE,
1643 2448 1720 2487 etc.

939 2570 1171 2625 [MARGAM
1204 2568 1459 2625 CHARTER]

980 2663 1142 2705 DATED
1164 2660 1370 2703 HORTON.
1434 2661 1460 2702 7
1483 2659 1583 2702 ΟοΤ,
1647 2661 1672 2701 3
1696 2659 1820 2702 ΗΕΝ.
1844 2659 1953 2703 VII.
2018 2661 2142 2704 1487.

281 2771 378 2814 Seal
400 2772 606 2828 wanting.
