2362 3392
1943 236 2053 278 1685

161 448 384 490 domorum
424 462 596 489 suarum
622 446 737 488 infra
768 446 1012 489 abbathiam
1043 461 1163 489 suam
1193 445 1469 488 existentium
1498 447 1541 487 et
1571 444 1700 487 etiam
1730 444 1785 486 ad
1814 441 2112 486 rationabilem

161 538 511 581 sustentationem
533 540 575 579 et
596 537 905 580 edificationem
932 538 1155 579 domorum
1185 551 1356 579 suarum
1387 535 1716 578 necessariarum
1746 534 1925 591 grangie
1956 549 2028 576 sue
2058 534 2111 575 de

161 628 387 671 TETTEssu’
421 632 464 671 et
498 628 683 671 bercarie
719 628 912 684 ejusdem
946 628 1125 684 grangie
1166 643 1247 683 que
1288 630 1387 669 sunt
1425 626 1552 682 juxta
1592 625 1809 668 abbatiam
1841 640 1961 667 suam
2000 625 2113 666 inter

161 720 376 763 abbatiam
412 735 532 762 suam
565 722 607 762 et
639 722 823 761 castrum
848 722 1041 761 nostrum
1072 720 1124 760 de
1155 718 1324 761 NEETH
1350 717 1603 774 capiendum
1633 716 1680 758 in
1709 715 1844 759 boscis
1883 714 2038 757 nostris
2065 714 2111 756 in

162 811 425 855 GLYNTAWY
455 814 497 853 et
529 810 786 853 GLYNNETH
817 813 858 852 et
891 809 1254 852 GLYNDEUELEYS
1285 811 1328 851 et
1356 808 1436 851 hoc
1465 823 1540 864 per
1574 807 1714 850 visum
1745 811 1788 850 et
1816 806 2112 850 liberationem

159 903 477 945 forestariorum
493 904 744 944 nostrorum.
807 901 1005 944 Preterea
1021 900 1297 943 concessimus
1318 899 1516 956 predictis
1532 898 1677 941 abbati
1693 901 1735 941 et
1752 897 1979 941 conventui
1995 897 2110 953 quod

160 993 242 1050 ipsi
263 996 305 1035 et
321 1008 468 1035 eorum
488 1007 740 1035 successores
760 991 945 1034 habeant
967 991 1217 1033 aisiamenta
1239 991 1405 1032 viarum
1429 989 1720 1031 communium
1741 988 1794 1031 ab
1815 987 2018 1030 abbathia
2038 1002 2114 1030 sua

160 1099 235 1140 per
254 1084 294 1126 le
314 1083 521 1126 KNEYGH
543 1084 597 1125 ad
617 1083 812 1139 gurgites
834 1097 929 1124 suos
950 1083 1004 1123 ad
1032 1081 1294 1123 PAssmmM
1325 1082 1378 1123 de
1409 1080 1588 1123 BRrrON
1620 1095 1707 1122 una
1727 1095 1824 1122 cum
1854 1078 2114 1121 aisiamentis

160 1175 396 1218 communis
416 1174 482 1216 vie
504 1175 556 1216 de
577 1173 780 1216 abbathia
800 1188 875 1228 per
896 1172 1161 1215 COITFRANK
1190 1186 1322 1227 usque
1351 1170 1657 1214 SWEYNESEYE
1689 1170 1779 1213 sine
1809 1169 2114 1226 impedimento

160 1266 494 1309 fforestariorum
515 1269 768 1306 nostrorum.
832 1263 887 1306 In
909 1263 1026 1318 cujus
1047 1263 1107 1305 rei
1137 1262 1430 1305 testimonium
1456 1262 1554 1304 huic
1575 1263 1728 1318 scripto
1760 1261 1950 1318 sigillum
1971 1275 2115 1303 meum

161 1357 350 1413 apposui.
415 1355 500 1398 His
520 1355 698 1398 testibus
722 1389 730 1397 .
754 1354 955 1397 Dominis
976 1353 1005 1396 J
1008 1368 1196 1395 OHANNE
1219 1354 1271 1395 de
1294 1352 1412 1395 BoYs
1436 1387 1444 1395 .
1467 1353 1496 1396 J
1499 1367 1686 1395 oHANNE
1708 1354 1760 1395 de
1780 1352 2082 1395 BELLOCAMPO
2106 1386 2114 1394 .

162 1446 395 1490 GILBERTO
417 1447 469 1489 de
490 1445 711 1488 THORDON
737 1479 746 1486 .
769 1445 798 1488 J
801 1459 990 1486 OHANNE
1012 1445 1063 1486 de
1094 1443 1339 1486 CREPPYNG
1364 1477 1372 1485 .
1397 1444 1609 1486 ROBERTO
1630 1444 1669 1485 le
1690 1443 1820 1487 VEEL
1854 1477 1861 1485 .
1895 1443 1925 1486 J
1928 1457 2115 1484 OHANNE

161 1538 214 1580 de
244 1537 525 1579 UMFRAVILL
559 1571 566 1579 .
600 1536 821 1579 JOHANNE
852 1535 892 1577 le
923 1535 1129 1577 Nomzms
1161 1569 1170 1577 .
1205 1535 1462 1577 RADULPHO
1493 1534 1651 1577 BLUET
1683 1540 1725 1576 et
1756 1534 1961 1577 RICARDO
1991 1535 2043 1576 de
2073 1533 2116 1576 la

161 1629 298 1671 Mons
340 1628 549 1670 militibus
587 1663 595 1669 .
639 1627 823 1669 dominis
873 1626 976 1668 Am
1018 1627 1071 1668 de
1112 1626 1443 1667 BLECfflNc-LEE
1485 1660 1493 1668 .
1537 1625 1712 1668 SlMoNE
1744 1627 1797 1668 de
1831 1625 2066 1668 HEIGHAM
2104 1659 2113 1667 .

161 1720 223 1762 M.
258 1719 490 1762 MAURICIO
523 1719 575 1760 de
605 1718 890 1760 LANCARVAN
931 1751 938 1758 .
982 1716 1197 1759 HEcho
1238 1717 1289 1758 de
1333 1715 1609 1758 GRANEBORN
1651 1717 1810 1759 clericis
1852 1751 1859 1758 .
1903 1716 2117 1758 Romano

161 1811 378 1854 BARDOLF
403 1844 410 1852 .
435 1810 624 1852 Romano
645 1811 697 1852 de
719 1809 760 1851 la
782 1808 991 1852 GARSTON
1014 1814 1056 1850 et
1077 1809 1182 1850 aliis.

220 1902 385 1944 Datum
406 1903 521 1957 apud
543 1901 645 1943 st
667 1900 793 1942 tertio
814 1900 976 1942 decimo
999 1900 1066 1941 die
1088 1898 1252 1955 Aprilis
1273 1914 1385 1941 anno
1406 1899 1542 1955 gratie
1573 1899 1797 1941 millesimo
1829 1898 2116 1941 ducentesimo

161 1994 415 2049 octogesimo
436 2008 562 2035 nono.
629 1991 801 2048 [1289]

220 2084 312 2126 Nos
342 2087 485 2126 autem
518 2084 755 2140 predictum
786 2082 989 2138 scriptum
1019 2082 1063 2123 in
1096 2081 1291 2124 omnibus
1331 2081 1418 2124 suis
1448 2081 1637 2123 articulis
1666 2085 1808 2123 ratum
1838 2080 2044 2123 habentes
2074 2083 2117 2123 et

162 2178 335 2231 gratum
355 2189 432 2230 pro
454 2175 590 2216 salute
612 2175 752 2216 anime
767 2177 908 2216 nostre
930 2176 972 2215 et
988 2172 1212 2215 animabus
1229 2174 1420 2215 omnium
1441 2175 1752 2215 antecessorum
1773 2175 1815 2214 et
1831 2187 2113 2215 successorum

161 2268 401 2307 nostrorum
432 2270 473 2306 et
504 2280 579 2320 pro
611 2265 732 2307 nobis
763 2270 805 2307 et
836 2264 1060 2307 heredibus
1091 2264 1245 2306 nostris
1276 2264 1475 2319 predictis
1515 2263 1616 2306 viris
1656 2263 1864 2319 religiosis
1895 2266 1937 2305 et
1968 2278 2114 2305 eorum

161 2355 463 2399 successoribus
494 2356 761 2398 concedimus
801 2361 842 2397 et
883 2355 1140 2397 ratificamus
1179 2358 1221 2397 et
1262 2355 1559 2397 confirmamus
1599 2356 1645 2397 in
1685 2358 1952 2411 perpetuum.
2025 2354 2113 2397 His

161 2446 341 2489 testibus
373 2480 381 2488 .
414 2446 614 2489 Dominis
656 2445 914 2488 ‘WILLELMO
950 2447 1002 2487 de
1041 2445 1309 2487 ERKALEWE
1338 2446 1565 2488 senescallo
1595 2450 1804 2488 terrarum
1835 2449 2107 2488 nostrarum.

159 2538 189 2581 J
192 2553 378 2580 OHANNE
402 2539 453 2580 de
474 2538 641 2580 AvENE
665 2571 673 2579 .
698 2537 886 2579 Roemzo
907 2538 959 2579 de
981 2537 1275 2579 BERKEROLIS
1302 2536 1511 2579 militibus
1534 2571 1542 2579 .
1566 2537 1595 2580 J
1599 2551 1786 2579 OHANNE
1808 2537 1847 2579 le
1868 2536 2073 2579 NORREIS
2097 2571 2106 2578 .

161 2628 374 2671 LEWELL'
397 2645 450 2685 ap
472 2628 594 2670 KEN'
620 2661 628 2669 .
651 2628 852 2670 MATHEo
874 2629 913 2669 le
934 2627 1048 2670 SooR
1070 2661 1079 2670 .
1103 2628 1271 2670 THOMA
1294 2643 1347 2684 ap
1370 2629 1534 2670 AARON
1556 2632 1599 2670 et
1619 2628 1726 2670 aliis.

217 2719 382 2762 Datum
403 2720 518 2776 apud
538 2719 755 2761 KAERDIF
776 2733 888 2760 nono
910 2719 978 2761 die
998 2719 1154 2761 mensis
1176 2718 1369 2761 Octobris
1390 2733 1502 2760 anno
1524 2718 1687 2760 domini
1708 2718 1932 2761 millesimo
1954 2719 2107 2761 tricen-

158 2810 308 2852 tesimo
324 2810 536 2853 tricesimo
553 2817 699 2852 octavo
715 2811 757 2851 et
778 2809 907 2851 etiam
923 2824 1035 2851 anno
1050 2809 1173 2865 regni
1189 2809 1323 2865 Regis
1339 2809 1562 2851 EDWARDJ
1583 2809 1701 2851 tercii
1717 2812 1811 2864 post
1831 2812 2107 2864 conquestum

159 2902 418 2944 duodecimo.
485 2899 657 2957 [1338]
