2362 3392
1884 266 1995 308 1947

99 474 427 517 NYCHOLASTON
445 488 541 516 cum
556 473 825 529 pertinentiis
841 488 1006 516 necnon
1022 473 1164 516 omnia
1186 477 1228 516 et
1253 473 1424 530 singula
1439 473 1642 529 premissa
1662 487 1758 515 cum
1778 472 2051 529 pertinenciis

96 565 282 621 jacentia
320 568 363 607 et
403 564 629 606 existentia
669 564 715 606 in
758 563 1010 606 OXEWICHE
1058 599 1066 606 .
1112 563 1326 606 PENRYCE
1372 597 1380 606 .
1429 563 1623 606 HORTON
1666 598 1675 606 .
1718 563 1993 605 PoRTEYNON
2036 596 2045 605 .

101 655 429 698 NYCHOLASTON
461 689 470 697 .
503 657 546 697 et
576 653 888 696 ISTRODOWEN’
920 654 1121 710 predictis
1150 654 1329 710 prefatis
1351 653 1582 697 EDWARDO
1604 653 1762 697 CARNE
1795 687 1803 696 .
1837 653 1866 696 J
1869 667 2047 695 OHANNI

93 745 364 789 SCUADMORE
397 778 406 788 .
437 745 671 787 EDWARDO
698 744 863 787 Lsswys
895 778 903 786 .
925 745 956 788 J
959 759 1135 787 oHANNI
1158 745 1358 787 BASSETT
1381 778 1389 787 .
1414 744 1443 787 J
1446 759 1583 786 Acono
1604 744 1795 787 THOMAS
1819 778 1827 786 .
1851 743 2043 787 HUGONI

98 836 327 879 MANXELL
362 870 370 879 .
403 839 446 879 et
467 836 740 880 REGINALDO
762 851 816 892 ap
837 835 973 879 Hom.
994 836 1219 879 heredibus
1241 839 1285 878 et
1305 836 1533 892 assignatis
1553 835 1639 878 suis
1660 836 1715 878 ad
1735 850 1840 891 opus
1861 839 1904 878 et
1924 850 2049 878 usum

99 927 183 969 mei
201 926 382 983 predicti
403 927 537 970 Rmm
561 927 792 969 MANXELL
813 930 857 969 et
876 927 1082 970 heredum
1102 927 1387 970 masculorum
1415 941 1607 969 meorum
1637 926 1830 982 legitime
1859 941 2049 982 procrea-

98 1021 239 1061 torum
269 1021 311 1061 et
342 1019 696 1075 procreandorum
729 1052 736 1060 .
771 1017 831 1060 Et
862 1033 937 1074 pro
969 1018 1140 1060 defectu
1170 1018 1420 1074 hujusmodi
1460 1018 1601 1060 exitus
1631 1019 1686 1060 ad
1716 1033 1822 1074 opus
1852 1021 1894 1060 et
1926 1032 2049 1060 usum

95 1112 305 1152 rectorum
325 1109 530 1152 heredum
550 1108 633 1150 mei
654 1108 833 1164 predicti
856 1108 989 1150 thffl
1020 1108 1335 1164 imperpetuum
1367 1140 1376 1150 .
1409 1107 1664 1151 Tenendum
1694 1109 1746 1151 de
1778 1108 2045 1165 capitalibus,

98 1203 191 1252 etc„
213 1203 305 1252 etc.,
329 1202 540 1242 consueta.
604 1198 669 1241 Ac
691 1199 863 1255 insuper
883 1199 1086 1241 noveritis
1106 1214 1174 1242 me
1195 1199 1413 1256 prefatum
1437 1200 1619 1243 RICEUM
1640 1199 1886 1242 MANXELL'
1906 1199 2054 1243 fecisse

100 1290 313 1333 ordinasse
336 1290 601 1333 constituisse
621 1294 664 1332 et
686 1290 730 1332 in
752 1290 842 1332 loco
858 1305 951 1332 meo
974 1290 1159 1346 posuisse
1175 1290 1352 1333 dilectos
1373 1291 1480 1333 mihi
1496 1291 1542 1332 in
1564 1290 1761 1334 CHRISTO
1783 1290 2052 1332 PHILIPPUM

99 1381 330 1424 MANXELL
350 1381 528 1424 fratrem
549 1395 692 1424 meum
713 1380 742 1423 J
746 1395 972 1422 OHANNEM
993 1380 1303 1423 TURBERVYLE
1322 1385 1364 1424 et
1380 1381 1588 1424 THOMAM
1609 1380 1919 1423 TURBERVYLE
1935 1396 2050 1424 meos

100 1487 220 1515 veros
240 1477 283 1515 et
302 1473 538 1529 legittimos
557 1475 794 1514 attornatos
815 1472 1080 1528 conjunctim
1102 1472 1272 1514 divisim
1293 1475 1336 1514 et
1367 1472 1595 1528 separatim
1616 1473 1670 1515 ad
1691 1472 1941 1515 intrandum
1962 1472 2051 1515 vice

101 1579 177 1619 pro
197 1579 266 1606 me
286 1566 328 1606 et
350 1563 523 1606 nomine
543 1578 637 1605 meo
658 1563 704 1605 in
722 1563 864 1605 omnia
880 1564 1070 1618 predicta
1090 1563 1280 1605 maneria
1300 1564 1354 1605 de
1374 1563 1627 1605 OXEWICHE
1648 1564 1753 1606 alias
1770 1563 2024 1606 OxEMYCHE
2043 1599 2051 1606 .

101 1654 313 1697 PENRYCE
357 1688 364 1696 .
402 1653 596 1696 HORTON
640 1687 648 1696 .
692 1653 966 1695 PORTEYNON
1010 1687 1019 1695 .
1063 1656 1104 1696 et
1146 1653 1428 1696 NICOLASTON
1470 1668 1517 1696 ac
1550 1658 1687 1696 cetera
1722 1655 1925 1710 premissa
1957 1670 2054 1697 cum

99 1745 371 1800 pertinenciis
402 1744 788 1800 possessionemque
819 1746 862 1786 et
892 1744 1090 1786 seisinam
1121 1744 1220 1786 inde
1251 1745 1506 1800 capiendum
1544 1780 1552 1787 .
1592 1744 1652 1787 Et
1682 1748 1776 1801 post
1805 1745 2054 1801 hujusmodi

105 1836 329 1878 introitum
349 1850 396 1877 ac
416 1836 720 1890 possessionem
741 1838 783 1877 et
805 1835 1003 1877 seisinam
1024 1836 1076 1877 de
1097 1839 1138 1877 et
1168 1835 1213 1877 in
1245 1836 1403 1878 eisdem
1434 1835 1611 1891 prefatis
1641 1836 1876 1879 EDWARDO
1898 1837 2056 1880 CARNE

98 1927 227 1969 militi
259 1961 267 1968 .
301 1926 509 1969 JOHANNJ
542 1926 814 1969 SCUDAMORE
848 1959 855 1967 .
891 1926 1126 1968 EDWARDO
1156 1926 1321 1968 LEWYs
1354 1960 1362 1969 .
1398 1926 1427 1969 J
1430 1941 1607 1969 oHANNI
1629 1927 1826 1970 BASSETT
1850 1961 1858 1970 .
1883 1928 2051 1971 JACOBO

105 2017 295 2060 'Paomis
319 2051 327 2059 .
352 2017 543 2059 HUGONI
566 2016 797 2059 MANXELL
827 2050 835 2058 .
866 2020 909 2059 et
940 2016 1211 2059 REGINALDO
1236 2033 1290 2073 ap
1320 2017 1454 2059 Hom,
1483 2021 1557 2060 aut
1586 2033 1731 2060 eorum
1760 2019 1806 2060 in
1831 2018 1909 2061 hac
1936 2027 2056 2075 parte

101 2109 223 2151 certis
243 2109 470 2150 attornatis
491 2108 724 2151 secundum
744 2112 935 2149 tenorem
956 2108 1044 2150 vim
1066 2108 1248 2150 formam
1269 2112 1311 2150 et
1333 2109 1532 2151 effectum
1564 2109 1690 2164 hujus
1710 2111 1917 2166 presentis
1939 2115 2051 2153 carte

103 2214 194 2242 mee
214 2199 435 2241 indentate
455 2199 556 2241 inde
576 2198 636 2240 eis
657 2198 844 2241 eonfecte
868 2232 876 2240 .
902 2198 1065 2241 Ratum
1086 2202 1128 2241 et
1149 2202 1323 2255 gratum
1346 2199 1573 2242 habentem
1594 2203 1636 2243 et
1651 2200 1899 2243 habiturum
1914 2205 2054 2244 totum

106 2296 147 2334 et
168 2291 370 2347 quicquid
390 2290 494 2333 dicti
514 2291 719 2332 attornati
741 2291 825 2332 mei
845 2290 934 2332 vice
955 2305 1030 2346 pro
1052 2305 1120 2333 me
1140 2294 1182 2333 ct
1214 2291 1386 2334 nomine
1411 2291 1553 2348 [me]o
1583 2292 1774 2345 fecerint,
1806 2308 1879 2335 seu
1909 2308 2054 2336 eorum

108 2382 261 2438 aliquis
281 2381 428 2424 fecerit
447 2381 494 2423 in
523 2380 735 2436 premissis
766 2396 839 2423 seu
870 2381 1012 2437 aliquo
1043 2381 1343 2437 premissorum
1372 2397 1447 2438 per
1477 2386 1702 2437 presentes.
1764 2382 1820 2424 In
1841 2383 1964 2439 cujus
1993 2383 2055 2426 rei

104 2472 395 2515 testimonium
424 2472 596 2528 utrique
625 2471 736 2527 parti
767 2471 898 2527 hujus
929 2472 1135 2527 presentis
1165 2475 1278 2515 carte
1308 2487 1400 2515 mee
1433 2473 1654 2515 indentate
1687 2474 1878 2530 sigillum
1907 2489 2051 2517 meum

110 2563 297 2619 apposui.

161 2653 326 2695 Datum
346 2653 568 2696 undecimo
588 2652 657 2695 die
678 2653 883 2709 Augusti,
901 2667 1013 2696 anno
1033 2653 1158 2709 regni
1180 2653 1386 2696 Hmmm
1408 2655 1543 2696 octavi
1564 2654 1649 2697 Dei
1670 2655 1810 2710 gratia
1834 2654 2018 2698 ANGLOE
2037 2690 2044 2699 .

107 2744 311 2786 FRANcm
343 2777 352 2785 .
385 2746 428 2785 et
448 2742 689 2784 Hmmmm
720 2775 729 2784 .
764 2742 897 2798 Regis
918 2742 1017 2785 fidei
1037 2742 1269 2786 defensoris
1291 2747 1333 2786 et
1363 2744 1408 2786 in
1438 2747 1551 2786 terra
1579 2745 1748 2787 ecclesie
1777 2745 2048 2788 ANGLmANE

108 2839 150 2877 et
169 2834 432 2877 HIBERNICE
454 2833 639 2889 supremi
659 2832 821 2889 capitis,
843 2837 936 2886 etc„
961 2833 1171 2877 tricesimo
1194 2835 1357 2890 quinto.

1633 2925 1700 2967 R?
1732 2925 1992 2970 MANxELL?

164 3013 255 3056 The
275 3013 373 3066 seal,
395 3028 421 3055 a
440 3013 560 3069 lump
580 3012 626 3055 of
654 3014 729 3055 red
750 3028 858 3066 want,
881 3013 1001 3056 bears
1023 3028 1079 3056 an
1100 3014 1321 3058 indistinct
1340 3015 1588 3072 impression
1609 3015 1655 3057 of
1684 3030 1709 3058 a
1729 3017 1924 3060 maunch.
