2362 3392
334 238 445 280 1978

270 445 430 488 festum
451 446 654 487 festorum
673 443 960 499 predictorum
981 455 1065 497 quo
1086 441 1192 483 solvi
1212 439 1395 482 debeant
1416 440 1530 495 quod
1552 443 1710 482 extunc
1739 437 1847 480 bene
1877 437 2020 480 licebit
2051 436 2216 493 prefato

270 535 481 592 prenobili
512 535 656 578 comiti
685 534 756 576 vel
784 532 1010 589 assignatis
1041 531 1127 574 suis
1165 531 1212 573 in
1253 529 1449 573 omnibus
1489 529 1689 572 maneriis
1729 529 1852 571 terris
1893 531 1935 571 et
1964 528 2219 570 tenementis

268 626 480 682 prioratus
509 625 644 668 nostri
673 624 852 680 predicti
881 623 1041 665 intrare
1071 625 1114 664 et
1154 621 1408 677 distringere
1447 620 1816 675 districcionesque
1847 619 1904 661 sic
1933 618 2034 661 inde
2073 621 2219 674 captas

270 719 485 772 asportare
506 715 713 758 abducere
734 717 777 757 et
797 713 990 769 effugare
1010 727 1058 754 ac
1078 726 1208 768 penes
1238 726 1281 753 se
1310 710 1493 753 retinere
1524 724 1742 766 quousque
1773 711 1826 752 de
1854 708 2054 765 predictis
2084 709 2216 764 quad-

271 807 443 863 raginta
478 806 621 849 solidis
661 820 756 847 cum
797 803 1021 860 arreragiis
1061 802 1096 845 si
1135 817 1217 857 que
1255 801 1417 844 fuerint
1456 801 1496 843 ei
1534 801 1722 857 plenarie
1771 801 1826 842 sit
1876 800 2140 842 satisfactum
2179 802 2221 841 et

273 898 548 954 persolutum.
611 897 668 939 In
689 895 756 952 cuj
762 911 812 938 us
830 895 893 937 rei
911 893 1204 937 testimonium
1224 892 1415 949 sigillum
1435 895 1629 934 nostrum
1659 906 1881 934 commune
1910 890 2010 933 huic
2038 892 2226 947 presenti

274 988 428 1045 scripto
450 992 594 1030 nostro
617 986 902 1043 apposuimus.

332 1080 493 1121 Datum
516 1079 562 1120 in
587 1078 713 1121 domo
741 1080 885 1120 nostro
913 1075 1139 1132 capitulari
1169 1073 1478 1117 Groucsssrmss
1506 1073 1669 1115 decimo
1697 1073 1766 1114 die
1794 1072 1950 1114 mensis
1977 1071 2223 1115 Decembris

270 1184 383 1212 anno
403 1169 528 1225 regni
550 1168 684 1225 Regis
705 1167 912 1210 HENRICI
935 1165 1072 1209 octavi
1093 1164 1293 1208 vicesimo
1315 1163 1481 1220 primo.'
1551 1163 1686 1218 [AD.
1724 1161 1872 1218 1529]

333 1260 392 1303 Et
422 1259 523 1316 quia
554 1274 627 1315 per
652 1257 841 1301 debitam
870 1256 1234 1300 examinacionem
1260 1255 1307 1296 in
1335 1254 1415 1296 hac
1442 1257 1563 1310 parte
1587 1253 1747 1296 factam
1775 1259 1818 1296 et
1836 1252 2029 1296 habitam
2053 1254 2222 1296 videtur

276 1353 389 1395 curie
409 1351 596 1408 predicte
617 1350 821 1405 scriptum
842 1349 1080 1404 predictum
1100 1347 1264 1389 factum
1294 1349 1337 1388 et
1357 1345 1593 1401 sigillatum
1614 1344 1744 1387 fuisse
1770 1343 1883 1387 bona
1902 1344 1986 1386 fide
2006 1346 2050 1386 et
2069 1343 2226 1399 absque

272 1443 422 1486 covina
465 1442 616 1485 fraude
663 1457 736 1484 seu
777 1440 874 1483 dolo
913 1440 1008 1481 ideo
1059 1438 1264 1494 scriptum
1313 1436 1421 1478 illud
1472 1451 1546 1491 per
1586 1435 1884 1477 cancellarium
1925 1438 1968 1477 et
2007 1435 2224 1490 generales

276 1532 558 1590 supervisores
579 1532 693 1574 curie
714 1531 901 1587 predicte
923 1530 1139 1572 allocatur.
1202 1527 1262 1569 Et
1293 1527 1538 1568 ordinatum
1568 1530 1609 1567 et
1638 1526 1853 1567 decretum
1873 1528 1935 1567 est
1963 1540 2038 1580 per
2058 1526 2227 1568 eosdem

270 1624 570 1666 cancellarium
591 1626 633 1664 et
656 1622 877 1679 generales
899 1619 1180 1676 supervisores
1201 1618 1314 1673 quod
1345 1617 1559 1673 predictus
1590 1631 1727 1658 comes
1758 1615 2021 1659 WIGORNIAE
2051 1615 2225 1658 habebit

271 1719 313 1758 et
349 1713 555 1770 gaudebit
591 1713 755 1755 dictum
793 1712 977 1754 officium
1018 1709 1235 1752 senescalli
1276 1714 1317 1750 et
1359 1708 1520 1750 dictam
1560 1707 1828 1749 annuitatem
1870 1707 1956 1749 sive
1997 1707 2225 1749 annualem

274 1806 491 1849 redditum
514 1804 670 1861 viginti
692 1804 924 1846 solidorum
945 1817 1021 1857 pro
1042 1799 1241 1843 exercitio
1262 1800 1363 1841 inde
1384 1814 1431 1841 ac
1452 1798 1610 1840 dictam
1631 1797 1759 1839 aliam
1780 1797 2048 1840 annuitatem
2071 1798 2227 1854 viginti

278 1897 510 1939 solidorum
525 1895 653 1950 juxta
673 1895 762 1937 vim
782 1894 965 1936 formam
986 1897 1029 1934 et
1050 1891 1250 1933 effectum
1282 1889 1426 1945 scripti
1455 1888 1635 1944 predicti
1665 1888 1963 1931 solvendorum
1982 1903 2058 1944 per
2077 1903 2229 1931 manus

275 1992 541 2043 receptorum
570 1986 824 2028 ballivorum
854 1984 920 2027 vel
951 1982 1236 2025 firmariorum
1266 1980 1553 2023 maneriorum
1577 1982 1788 2022 terrarum
1813 1986 1855 2021 et
1885 1982 2227 2022 tenementorum

277 2093 371 2133 quae
392 2078 569 2120 fuerunt
591 2076 743 2132 prioris
763 2077 814 2117 de
838 2075 1049 2116 1⁴]vany
1070 2072 1250 2129 predicti
1272 2071 1339 2113 vel
1360 2086 1435 2127 per
1450 2085 1602 2112 manus
1621 2070 1846 2125 receptoris
1866 2071 2165 2113 revencionum
2187 2075 2229 2113 et

282 2167 686 2224 augmentacionum
709 2181 858 2209 corone
879 2166 995 2221 regie
1016 2164 1061 2205 in
1091 2163 1284 2219 partibus
1312 2161 1520 2206 WALLIAE
1542 2165 1585 2202 et
1614 2161 1812 2203 marchiis
1832 2161 2024 2217 ejusdem
2044 2162 2099 2204 ad
2119 2163 2233 2205 dicta

284 2259 393 2301 festa
427 2258 772 2300 annunciationis
792 2256 928 2299 beatae
949 2255 1125 2298 MAmAE
1156 2254 1336 2311 virginis
1366 2257 1408 2296 et
1438 2252 1585 2295 Sancti
1604 2253 1863 2295 MICHAELIS
1886 2253 2131 2310 archangeli
2160 2269 2236 2310 per

285 2349 456 2405 equales
485 2349 700 2404 portiones
731 2362 916 2390 unacum
945 2350 1066 2388 tanto
1098 2346 1150 2387 de
1181 2344 1405 2400 arreragiis
1435 2344 1534 2386 inde
1565 2350 1774 2399 quantum
1801 2358 1827 2384 a
1846 2347 2034 2400 tempore
2055 2345 2232 2387 dissolu-

285 2440 416 2483 cionis
436 2454 572 2495 nuper
592 2438 839 2481 monasterii
860 2436 1007 2479 Sancti
1028 2436 1172 2478 PETRI
1197 2435 1581 2478 GLOUCESTRENSIS
1602 2434 1780 2490 predicti
1811 2434 1949 2476 adhuc
1979 2434 2171 2478 debitum
2192 2443 2233 2479 et

285 2530 521 2572 insolutum
552 2529 709 2571 existit.
772 2527 947 2570 Proviso
979 2542 1143 2582 semper
1173 2527 1286 2582 quod
1317 2526 1352 2567 si
1381 2526 1657 2580 imposterum
1688 2524 1830 2567 debito
1861 2526 1985 2567 modo
2010 2526 2236 2581 probatum

287 2621 419 2663 fuerit
441 2635 581 2662 coram
603 2619 851 2662 cancellario
873 2623 915 2660 et
936 2616 1207 2674 generalibus
1237 2615 1571 2671 supervisoribus
1593 2615 1706 2658 curie
1734 2616 1921 2671 predicte
1952 2631 2028 2671 pro
2048 2623 2236 2673 tempore

289 2711 569 2754 existentibus
591 2711 704 2766 quod
724 2710 962 2766 predictum
984 2710 1187 2765 scriptum
1210 2708 1379 2750 allocari
1408 2722 1495 2749 non
1526 2706 1676 2749 debeat
1706 2707 1820 2761 quod
1848 2712 1952 2750 tunc
1979 2713 2021 2749 et
2041 2709 2237 2764 deinceps

289 2802 366 2844 hoc
398 2816 566 2856 presens
597 2801 813 2842 decretum
844 2814 1025 2841 vacuum
1057 2799 1111 2841 sit
1142 2814 1188 2840 ac
1222 2813 1296 2853 pro
1334 2797 1451 2839 nullo
1491 2796 1695 2838 habeatur
1725 2797 1867 2852 aliquo
1897 2798 1942 2839 in
1972 2799 2237 2853 presentibus

287 2906 482 2947 expresso
514 2892 559 2932 in
591 2891 850 2933 contrarium
892 2890 992 2932 inde
1034 2905 1121 2931 non
1162 2889 1367 2930 obstante.
1447 2887 1538 2929 Nos
1568 2893 1712 2929 autem
1744 2894 1934 2929 tenorem
1973 2889 2235 2932 decretorum

291 2982 578 3038 predictorum
600 2981 801 3023 duximus
822 2980 1222 3035 exemplificandum
1249 2994 1323 3033 per
1345 2983 1567 3033 presentes.
1630 2977 1685 3019 In
1708 2978 1830 3033 cujus
1859 2979 1920 3020 rei
1950 2979 2240 3025 testimonium
