2362 3392
331 243 351 283 1
360 241 444 283 922

269 464 382 492 omn.
406 452 449 491 et
478 447 587 503 sing.
619 445 833 502 premissis
863 443 1055 500 superius
1080 440 1328 497 specificatis
1360 443 1500 495 preter
1532 439 1690 481 dictam
1721 437 1948 494 grangiam
1984 436 2036 477 de
2072 434 2222 477 LLAN-

269 554 454 583 GEWITH
476 543 519 582 et
539 541 678 594 preter
699 538 832 578 dictas
851 536 1036 577 decimas
1055 534 1102 575 111
1124 532 1316 574 PENvEY
1344 530 1532 587 predicta
1564 529 1837 585 septuaginta
1874 531 2036 583 septem
2068 526 2222 568 solidos

269 632 459 687 quinque
492 629 687 671 denarios
718 630 761 670 et
787 640 923 668 unum
951 624 1124 667 obolum
1155 623 1209 664 ad
1238 622 1399 664 curiam
1424 624 1613 663 nostram
1646 619 2050 676 augmentacionum
2077 633 2227 660 reven-

267 722 439 764 cionum
460 734 610 763 corone
631 722 772 761 nostre
793 718 848 759 ad
870 717 1028 759 festum
1049 715 1090 757 S.
1123 713 1265 756 chfl.
1299 712 1500 767 archang.
1534 712 1716 768 singulis
1746 711 1870 753 annis
1898 711 2120 752 solvendos
2148 724 2223 765 pro

274 812 472 856 omnibus
492 809 731 852 redditibus
752 808 937 851 serviciis
958 812 1000 848 et
1021 805 1244 848 demandis
1265 803 1598 859 quibuscumque
1619 803 1797 858 proinde
1828 801 1950 844 nobis
1981 801 2123 843 hered.
2162 801 2229 842 vel

278 918 450 946 success.
475 902 630 944 nostris
650 899 947 956 quoquomodo
968 896 1196 939 reddendis
1215 895 1427 937 solvendis
1447 894 1515 936 vel
1535 893 1752 936 faciendis.

334 994 394 1036 Et
428 993 606 1035 ulterius
638 993 691 1034 de
726 990 924 1045 ampliori
957 988 1097 1045 gratia
1132 991 1276 1029 nostra
1309 986 1504 1028 volumus
1535 994 1577 1027 et
1610 999 1683 1040 per
1715 988 1930 1040 presentes
1962 984 2233 1026 concedimus

278 1084 444 1141 prefato
467 1083 609 1126 131ch
632 1079 877 1123 MANxELL’
901 1079 1041 1121 hered.
1070 1085 1110 1120 et
1143 1078 1298 1133 assign.
1335 1076 1420 1118 suis
1449 1076 1562 1130 quod
1599 1090 1675 1117 nos
1702 1075 1876 1118 heredes
1906 1083 1948 1116 et
1980 1089 2232 1117 successores

279 1175 412 1218 nostri
444 1175 759 1230 imperpetuum
791 1177 832 1213 et
866 1172 917 1212 de
952 1177 1141 1224 tempore
1181 1169 1226 1210 in
1261 1172 1429 1222 tempus
1464 1166 1799 1222 acquietabimus
1834 1165 2157 1208 exonerabimus
2192 1169 2235 1208 et

279 1267 532 1320 indempnes
559 1262 900 1306 conservabimus
931 1262 1113 1303 eundem
1141 1260 1324 1301 RmEoM
1350 1257 1595 1300 MANXELL'
1618 1257 1793 1300 heredes
1813 1261 1856 1300 et
1880 1258 2116 1313 assignatos
2142 1272 2238 1299 suos

281 1372 426 1399 versus
447 1370 522 1397 nos
544 1355 718 1396 heredes
739 1364 780 1396 et
803 1367 1055 1395 successores
1077 1355 1242 1394 nostros
1264 1355 1306 1393 et
1338 1365 1484 1392 versus
1511 1364 1797 1405 quascumque
1826 1349 1930 1390 alias
1958 1363 2157 1404 personas
2184 1349 2237 1391 de

281 1447 479 1490 omuibus
519 1451 562 1488 et
603 1445 857 1487 omnimodis
892 1443 1129 1486 redditibus
1169 1442 1306 1484 feodis
1346 1441 1520 1483 decimis
1556 1440 1824 1496 porcionibus
1861 1439 2157 1482 annuitatibus
2195 1443 2238 1482 et

284 1539 556 1581 denariorum
579 1537 754 1579 summis
775 1536 1111 1592 quibuscumque
1128 1535 1180 1576 de
1196 1533 1408 1589 premissis
1421 1548 1494 1574 seu
1507 1533 1559 1574 de
1575 1533 1719 1587 aliqua
1735 1532 1835 1574 inde
1849 1532 2032 1587 parcella
2049 1546 2238 1587 quoquo-

285 1631 411 1673 modo
433 1628 687 1671 exeuntibus
708 1643 782 1669 seu
812 1627 1024 1669 solvendis
1044 1627 1112 1667 vel
1144 1625 1369 1679 superinde
1400 1624 1584 1666 oneratis
1615 1639 1687 1665 seu
1719 1624 1944 1665 onerandis
1970 1628 2241 1679 preterquam

287 1723 339 1763 de
361 1721 532 1763 redditu
553 1725 595 1761 et
617 1719 790 1761 servicio
813 1718 1004 1772 superius
1025 1732 1100 1772 per
1121 1720 1335 1772 presentes
1356 1715 1477 1757 nobis
1498 1716 1731 1757 reservatis.

351 1812 554 1855 Volentes
568 1811 733 1852 enimet
748 1809 925 1851 firmiter
938 1809 1210 1864 injungendo
1225 1807 1503 1863 precipientes
1519 1811 1605 1847 tam
1623 1805 1870 1847 cancellario
1887 1810 1927 1847 et
1945 1805 2118 1847 consilio
2132 1805 2244 1848 dicte

291 1906 405 1947 curie
427 1909 568 1945 nostre
589 1901 994 1958 augmentaciouum
1015 1899 1314 1941 revencionum
1330 1911 1479 1939 corone
1502 1903 1641 1938 nostre
1661 1911 1736 1951 pro
1757 1900 1944 1951 tempore
1965 1895 2246 1938 existentibus

295 2011 424 2052 quam
446 1994 783 2050 quibuscumque
804 1991 1090 2047 receptoribus
1110 1989 1376 2032 auditoribus
1397 1992 1438 2030 et
1459 1988 1553 2030 aliis
1574 1987 1782 2030 officiariis
1804 1991 1845 2028 et
1862 1988 2068 2029 ministris
2096 1988 2251 2030 nostris

297 2086 632 2143 quibuscumque
654 2085 767 2139 quod
790 2084 869 2139 ipsi
891 2089 934 2125 et
955 2097 1100 2125 eorum
1125 2081 1303 2137 quilibet
1335 2095 1460 2135 super
1492 2079 1623 2121 solam
1659 2078 2066 2120 demonstracionem
2099 2078 2251 2120 harum

298 2178 538 2220 litterarum
562 2180 802 2217 nostrarum
824 2175 1062 2229 patentium
1093 2173 1250 2227 absque
1281 2171 1422 2225 aliquo
1451 2170 1534 2211 alio
1567 2169 1682 2210 brevi
1719 2184 1791 2210 seu
1828 2172 2038 2210 warranto
2074 2184 2098 2210 a
2132 2169 2252 2212 nobis

301 2269 443 2313 hered.
466 2268 533 2308 vel
554 2281 727 2308 success.
750 2265 903 2306 nostris
934 2264 1230 2319 quoquomodo
1260 2262 1528 2317 impetrando
1554 2276 1627 2302 seu
1657 2260 1948 2315 prosequendo
1981 2275 2106 2316 super
2141 2261 2253 2303 solu-

305 2360 423 2402 cione
459 2359 669 2400 dictorum
707 2357 962 2412 seperalium
1004 2369 1245 2397 annuorum
1285 2353 1532 2395 reddituum
1564 2351 1755 2406 superius
1785 2366 1860 2406 per
1890 2355 2103 2405 presentes
2135 2351 2255 2394 nobis

304 2454 614 2492 reservatorum
656 2449 826 2502 plenam
868 2447 1081 2501 integram
1112 2445 1383 2499 debitamque
1411 2443 1709 2485 allocacionem
1742 2441 2071 2483 defalcacionem
2099 2443 2255 2485 deduc-

309 2541 472 2583 ciouem
494 2544 535 2581 et
557 2539 903 2580 exoneracionem
924 2536 1198 2578 manifestam
1219 2535 1381 2590 prefato
1404 2533 1544 2575 Rmso
1576 2532 1821 2575 MANXELL’
1853 2532 1996 2574 hered.
2031 2536 2073 2575 et
2101 2534 2256 2590 assign.

313 2632 398 2673 suis
438 2632 490 2672 de
532 2629 728 2671 omnibus
768 2632 810 2670 et
850 2628 1105 2670 omnimodis
1144 2626 1393 2682 hujusmodi
1424 2624 1661 2666 redditibus
1703 2623 1839 2665 feodis
1883 2623 2179 2666 annuitatibus
2220 2627 2263 2666 et

311 2721 583 2764 denariorum
605 2719 780 2761 summis
801 2719 854 2760 de
869 2718 1069 2774 predictis
1091 2718 1198 2759 scitu
1220 2723 1262 2759 et
1283 2715 1476 2772 grangiis
1498 2719 1540 2756 et
1557 2715 1704 2756 ceteris
1734 2714 1946 2769 premissis
1971 2719 2020 2755 ut
2050 2715 2262 2769 prefertur

316 2811 571 2854 exeuntibus
592 2826 665 2852 seu
686 2809 898 2852 solvendis
919 2810 986 2850 vel
1007 2823 1133 2864 super
1153 2808 1311 2849 eisdem
1333 2806 1517 2848 oneratis
1547 2820 1621 2847 seu
1653 2805 1878 2847 onerandis
1909 2804 2068 2846 facient
2101 2808 2143 2847 et
2175 2805 2267 2847 fieri

315 2903 565 2945 causabunt.
628 2901 687 2943 Et
728 2901 804 2942 hec
836 2900 976 2941 littere
1010 2903 1151 2942 nostre
1183 2903 1379 2954 patentes
1411 2902 1536 2939 erunt
1572 2896 1796 2938 annuatim
1832 2900 1875 2938 et
1911 2897 1962 2938 de
1997 2899 2186 2951 tempore
2221 2897 2266 2939 in

317 2996 485 3048 tempus
506 2999 596 3033 tam
618 2992 729 3033 dicto
751 2991 1001 3033 cancellario
1024 2996 1065 3032 et
1087 2989 1261 3032 consilio
1283 2990 1394 3031 dicte
1416 2988 1529 3030 curie
1550 2988 1950 3044 augmentacionem
1970 2988 2268 3030 revencionum
