2362 3392
2041 246 2147 287 1881

260 454 367 496 alius
397 468 472 508 per
501 467 578 495 nos
607 467 684 508 pro
715 451 838 494 nobis
873 466 946 494 seu
978 452 1151 494 nomine
1183 459 1326 494 nostro
1359 452 1523 508 aliquid
1562 454 1647 507 (sic)
1686 453 1757 508 jus
1792 453 1968 495 titulum
1999 453 2208 496 clameum

260 544 514 586 demandam
534 557 607 586 seu
626 543 827 585 interesse
849 543 901 585 de
922 546 996 584 aut
1015 543 1061 584 in
1081 543 1281 599 predictis
1306 543 1506 586 maneriis
1527 558 1623 585 cum
1651 544 1738 586 suis
1767 544 2040 599 pertinenciis
2068 558 2206 599 neque

257 635 303 677 in
339 634 482 689 aliqua
517 634 617 675 inde
653 634 837 689 parcella
860 666 870 675 .
893 634 1078 689 exceptis
1108 635 1369 690 preexceptis
1402 669 1410 677 .
1445 636 1635 677 decetero
1669 635 1850 677 clamare
1882 635 1950 677 vel
1983 637 2207 678 vendicare

258 726 491 781 poterimus
511 740 588 767 nec
608 724 809 767 debemus
830 725 1104 780 quovismodo
1132 726 1177 767 in
1207 726 1402 768 futurum
1434 727 1507 768 sed
1533 725 1586 768 ab
1617 726 1734 767 omni
1763 726 1931 769 accione
1957 726 2066 782 juris
2091 727 2208 769 tituli

258 817 407 859 clamei
456 816 665 858 demande
706 819 748 858 et
788 816 988 858 interesse
1027 816 1128 858 inde
1178 816 1308 859 simus
1357 817 1527 872 penitus
1572 817 1729 858 exclusi
1769 817 2083 873 imperpetuum
2132 832 2207 872 per

258 911 485 964 presentes.
547 907 607 949 Et
629 921 707 963 ego
735 922 833 949 vero
854 907 1067 962 predictus
1090 907 1256 949 REans
1286 913 1328 949 et
1359 908 1533 950 heredes
1562 908 1647 950 mei
1674 908 1864 963 predicta
1892 908 2081 950 maneria
2112 922 2208 950 cum

261 999 533 1055 pertinenciis
555 1032 564 1041 .
588 999 775 1054 exceptis
795 999 1055 1054 preexceptis
1088 1033 1095 1040 .
1129 998 1306 1054 prefatis
1337 998 1563 1041 Pmmppo
1594 1003 1636 1041 et
1667 999 1696 1042 J
1699 1014 1877 1041 OHANNI
1907 999 2134 1042 heredibus
2164 1003 2207 1043 et

262 1090 487 1145 assignatis
509 1089 594 1131 suis
614 1092 759 1131 contra
780 1103 924 1130 omnes
945 1092 1093 1144 gentes
1113 1089 1482 1132 warantizabimus
1505 1092 1549 1132 et
1577 1090 1895 1145 imperpetuum
1916 1091 2205 1134 defendemus.

262 1181 318 1223 In
341 1180 463 1236 cujus
483 1180 544 1221 rei
565 1180 856 1222 testimonium
877 1180 976 1222 huic
996 1180 1181 1235 presenti
1203 1180 1356 1235 scripto
1378 1195 1471 1222 meo
1493 1180 1684 1236 sigillum
1705 1196 1849 1223 meum
1873 1182 2061 1237 apposui.

322 1271 484 1313 Datum
520 1270 716 1313 vicesimo
753 1274 903 1326 quarto
935 1270 1003 1312 die
1036 1271 1192 1312 mensis
1225 1270 1486 1326 Septembris
1525 1286 1637 1313 anno
1672 1287 1704 1313 r.
1742 1271 1795 1314 R.
1832 1271 2036 1314 HENRICI
2073 1273 2210 1315 octavi

265 1362 460 1404 vicesimo
483 1364 610 1403 sexto.

1697 1419 1779 1462 RE.
1814 1419 2059 1472 MANXELL,
2092 1420 2148 1462 K.

322 1509 456 1552 Small
477 1510 629 1565 signet,
651 1510 725 1551 red
748 1523 866 1550 wax:
889 1523 943 1550 an
958 1510 1224 1551 ornamental
1246 1510 1382 1552 shield
1403 1510 1447 1552 of
1469 1525 1605 1552 arms:
1630 1525 1653 1551 a
1669 1511 1866 1562 manueli,
1889 1511 1956 1552 for
1973 1511 2207 1553 MANSELL.

753 1599 800 1635 (l)
825 1598 988 1637 Probably
1012 1600 1061 1628 for
1084 1600 1238 1638 Hopkyu.
1262 1610 1313 1630 see
1335 1610 1412 1630 next
1435 1608 1500 1630 two
1522 1601 1721 1630 documents.

1115 1773 1356 1816 MCC-CLI.

266 1855 424 1898 COPY
456 1855 534 1898 OF
565 1856 655 1898 AN
687 1855 1078 1898 INSPEXIMUS
1109 1857 1194 1899 BY
1228 1857 1470 1909 HENRY,
1503 1858 1674 1900 EARL
1706 1858 1783 1901 OF
1816 1858 2211 1910 WOROESTER,

410 1938 487 1980 OF
579 1937 708 1980 THE
789 1938 1053 1981 PROOESS
1135 1939 1463 1982 WHEREBY
1541 1940 1569 1983 J
1574 1941 1710 1983 OHN
1802 1941 2213 1985 TURBERVILE

411 2020 733 2063 REOOVERS
784 2020 914 2062 THE
966 2021 1222 2064 MANORS
1285 2022 1362 2064 oF
1413 2022 1690 2073 OXWICH,
1751 2022 2210 2076 NIOHOLASTON,

410 2103 698 2155 PENRIOE,
750 2103 1147 2156 PORTEYNON,
1199 2105 1334 2147 AND
1388 2105 1661 2158 HORTON,
1712 2105 1783 2148 IN
1836 2106 2077 2150 GOWER.

980 2195 1210 2252 [MARGAM
1243 2196 1500 2253 CHARTER]

1333 2280 1387 2320 20
1421 2279 1521 2321 OCT.
1585 2280 1640 2320 26
1673 2279 1796 2321 ΗΕΝ,
1831 2279 1966 2322 VIII.
2032 2281 2155 2322 1534.

328 2367 580 2419 HENRICUS‚
611 2383 747 2410 comes
777 2369 1040 2420 Wmonmn,
1073 2370 1270 2412 dominus
1301 2371 1353 2411 de
1385 2370 1593 2422 RAGLAN,
1632 2369 1923 2421 Cnnmrmm,
1957 2370 2140 2422 Gowmz,
2173 2374 2216 2412 et

268 2457 474 2509 Knvm,
497 2459 693 2501 omnibus
713 2461 767 2501 ad
789 2475 893 2515 quos
913 2467 1129 2516 presentes
1148 2461 1289 2502 littere
1310 2465 1451 2503 nostre
1472 2461 1756 2516 pervenerint,
1779 2462 1971 2503 salutem.

326 2548 597 2604 Inspeximus
617 2549 883 2606 quocl[d]am
904 2551 1029 2593 breve
1051 2553 1103 2593 de
1134 2552 1397 2594 certiorando
1418 2552 1582 2594 dilectis
1611 2556 1652 2594 et
1678 2552 1874 2594 fidelibus
1904 2553 2058 2595 nostris
2089 2553 2215 2595 WIL-

271 2654 417 2682 LELMO
438 2655 491 2696 ap
515 2640 605 2683 RES
627 2640 800 2683 LLOIDE
822 2645 864 2683 et
881 2641 1120 2684 HOPKINN'
1144 2642 1347 2694 Tuoms,
1361 2643 1747 2686 locumtenentibus
1770 2642 1965 2685 GEORGH
1988 2643 2215 2685 HERBERT

270 2731 468 2786 armigeri
489 2732 705 2773 senescalli
728 2732 911 2774 Gowmz’
934 2733 978 2774 in
1001 2734 1077 2775 hec
1097 2734 1225 2775 verba
1244 2749 1252 2775 :
1268 2759 1325 2765 —

326 2821 578 2873 HEchns,
609 2837 744 2864 comes
781 2822 1038 2874 Wrooumn,
1072 2825 1270 2867 dominus
1301 2826 1353 2867 de
1386 2825 1593 2875 RAGLAN,
1628 2825 1918 2876 Cnsrsrown,
1952 2824 2137 2876 GOWER,
2171 2829 2212 2867 et

272 2912 467 2964 ΚηνΕῩ,
511 2912 767 2956 WILLELMO
807 2929 860 2969 ap
902 2914 995 2956 RES
1035 2914 1191 2957 LLOYD
1236 2919 1278 2957 et
1329 2915 1535 2958 HOPKIN'
1588 2916 1790 2967 ΤΗοΜΑε,
1831 2916 2217 2958 locumtenentibus

275 3002 469 3045 GEORGII
495 3002 719 3045 HERBERT
741 3005 957 3046 senescalli
980 3005 1179 3057 GOWER'‚
1203 3007 1394 3048 salutem.

478 3144 566 3177 lOL
