2362 3392
1935 219 2044 260 1649

1031 421 1237 465 MOOVI.

158 519 642 563 OONFIRMATION
677 519 763 562 BY
796 519 1086 563 RIOHARD
1122 520 1420 573 NEVILLE,
1454 521 1626 564 EARL
1659 521 1737 564 OF
1767 521 2102 576 WARWIGK,

304 601 379 645 ΤΟ
436 601 713 646 HOWELL
774 602 999 655 CARNE,
1061 603 1138 645 OF
1198 602 1372 646 LAND
1430 604 1502 646 IN
1555 604 1636 646 LE
1693 604 2101 658 BRODEMEDE,

303 685 406 727 Ero.

972 742 1151 799 [CARNE
1182 742 1300 800 MS]

1333 836 1358 876 8
1380 834 1513 877 JULY.
1574 835 1600 877 2
1622 835 1749 878 Enw.
1773 835 1856 879 IV.
1918 837 2043 878 1462.

219 940 450 982 RICARDUS
471 939 626 983 NEVIL
647 955 785 983 comes
807 940 941 984 WAR'
964 944 1005 983 et
1026 941 1223 984 dominus
1245 941 1570 984 GLAMORGANC'
1593 945 1634 985 et
1654 942 1895 985 MORGANc'
1910 943 2106 987 omnibus

160 1032 214 1073 ad
250 1046 353 1086 quos
387 1034 602 1087 presentes
626 1031 747 1073 litere
775 1036 915 1074 nostre
942 1036 1136 1088 patentes
1160 1034 1431 1088 pervenerint
1463 1034 1655 1076 salutem.

220 1121 370 1164 Sciatis
390 1137 458 1164 me
479 1122 725 1164 concessisse
753 1125 795 1164 et
815 1138 890 1178 per
912 1122 989 1164 has
1016 1123 1160 1165 literas
1187 1127 1351 1166 nostras
1371 1127 1565 1179 patentes
1586 1126 1851 1168 confirmasse
1872 1125 2106 1168 HOWELLO

164 1212 321 1255 CARNE
373 1227 445 1254 sex
492 1227 607 1254 acras
659 1213 771 1268 prati
817 1212 1006 1268 jacentes
1055 1213 1101 1255 in
1152 1214 1191 1256 le
1246 1214 1531 1257 BRODEMEDE
1585 1231 1690 1271 quas
1742 1231 1879 1272 nuper
1932 1216 2109 1260 Pmmss

162 1303 404 1346 JOHANNES
457 1303 597 1345 tenuit
651 1305 694 1345 et
744 1306 838 1358 post
889 1304 1104 1345 decessum
1164 1304 1307 1346 Pmm
1359 1305 1388 1348 J
1391 1320 1590 1347 OHANNIS
1641 1307 1815 1361 quidam
1867 1307 2109 1350 HENRICUS

164 1394 335 1437 BASSET
375 1394 514 1436 tenuit
556 1397 598 1436 et
636 1399 730 1449 post
772 1394 986 1436 decessum
1023 1395 1126 1436 dicti
1166 1395 1372 1437 HENRICI
1415 1396 1590 1451 quidam
1631 1396 1749 1439 JACK
1789 1397 1960 1440 BASSET
1999 1399 2113 1441 filius

164 1486 267 1527 dicti
289 1484 494 1526 HENRICI
515 1484 654 1526 tenuit
686 1484 774 1525 sine
805 1484 932 1526 titulo
963 1499 1095 1540 eaque
1136 1487 1187 1527 de
1220 1501 1344 1528 causa
1374 1488 1637 1529 devenerunt
1672 1489 1717 1529 in
1758 1503 1910 1530 manus
1949 1490 2112 1532 domini

165 1575 361 1618 RmARm
393 1576 444 1617 de
475 1574 776 1616 BELLooAMPo
809 1590 944 1631 nuper
972 1576 1136 1618 comitis
1167 1576 1302 1619 WAR'
1335 1580 1377 1619 et
1407 1593 1544 1633 nuper
1576 1578 1738 1620 domini
1772 1579 1812 1620 le
1843 1579 2114 1622 DESPENCER

165 1665 490 1708 GLAMORGANG'
542 1669 585 1707 et
630 1665 869 1707 MORGANC’
910 1670 959 1708 ut
1010 1667 1062 1707 de
1111 1666 1207 1722 jure
1259 1667 1480 1710 ISABELLE
1531 1670 1735 1711 consortis
1775 1685 1847 1712 sue
1888 1673 1930 1713 et
1969 1675 2114 1727 postea

163 1757 343 1813 predicti
376 1756 575 1798 dominus
607 1771 743 1798 comes
772 1761 814 1799 et
845 1757 1056 1799 comitissa
1087 1773 1139 1800 ex
1168 1759 1364 1800 unanimi
1400 1775 1602 1802 consensu
1629 1763 1672 1802 et
1702 1776 1873 1803 assensu
1906 1763 2114 1806 dederunt

165 1852 207 1891 et
238 1850 530 1890 concesserunt
558 1847 767 1903 predictas
803 1863 875 1890 sex
908 1863 1024 1890 acras
1056 1849 1168 1904 prati
1199 1850 1390 1905 predicto
1412 1850 1645 1893 HowELLo
1677 1851 1834 1894 CARNE
1870 1852 2116 1897 habendum

165 1939 245 1981 sibi
296 1937 522 1981 heredibus
573 1942 614 1980 et
667 1938 894 1994 assignatis
948 1939 1034 1980 suis
1087 1940 1413 1995 imperpetuum.
1496 1941 1731 1984 Reddendo
1785 1943 1885 1985 inde
1940 1945 2116 1999 prefatis

165 2030 308 2072 comiti
345 2032 387 2071 et
420 2028 630 2071 comitisse
665 2044 713 2071 ac
748 2044 894 2071 eorum
926 2029 1151 2072 heredibus
1187 2035 1228 2072 et
1264 2031 1489 2087 assignatis
1524 2033 1711 2088 quinque
1742 2034 1896 2077 solidos
1925 2036 2117 2079 redditus

165 2136 239 2177 per
288 2135 451 2162 annum
490 2121 546 2162 ad
585 2120 790 2162 terminos
831 2121 883 2162 de
927 2120 1168 2176 Hockeday
1209 2125 1251 2163 et
1291 2121 1437 2164 Sancti
1473 2122 1730 2166 MICHAELIS
1770 2129 1901 2168 sectas
1930 2127 2042 2169 curie
2074 2131 2116 2170 et

167 2211 310 2253 omnia
350 2211 435 2252 alia
476 2210 581 2253 fines
620 2211 722 2252 inde
771 2211 889 2266 prius
938 2210 1103 2253 debitos
1153 2214 1196 2254 et
1246 2217 1463 2255 consuetos
1513 2229 1588 2269 per
1637 2215 1781 2256 literas
1830 2218 2115 2271 predictorum

166 2301 330 2344 comitis
371 2304 413 2342 et
454 2301 663 2343 comitisse
703 2301 869 2356 prefato
911 2301 1145 2344 HOWELLO
1186 2302 1342 2345 CARNE
1394 2304 1604 2347 confectas
1645 2321 1824 2360 quarum
1864 2308 2013 2350 datum
2054 2313 2116 2352 est

170 2393 215 2435 in
266 2391 517 2434 cancellaria
569 2392 621 2433 de
678 2391 923 2434 KAERDIFF
979 2392 1047 2434 die
1098 2392 1325 2436 Dominica
1374 2395 1567 2450 proxima
1615 2400 1709 2451 post
1760 2397 1917 2440 festum
1971 2398 2118 2442 Sancti

165 2483 424 2525 MICHAELIS
484 2496 596 2523 anno
656 2481 791 2537 Regis
850 2482 1055 2525 HENRICI
1115 2484 1224 2525 sexti
1284 2488 1435 2539 quarto
1495 2490 1622 2540 prout
1680 2487 1875 2530 similiter
1934 2490 2102 2544 plenius

165 2576 340 2629 apparet
375 2572 420 2614 in
458 2575 651 2627 compoto
690 2571 838 2615 ballivi
878 2574 930 2615 de
969 2574 1268 2617 DYNASPOWIS
1308 2576 1361 2617 de
1400 2591 1512 2618 anno
1554 2577 1741 2631 ejusdem
1779 2579 1892 2634 regis
1931 2594 2109 2624 xxxvm.

166 2663 428 2706 Habendum
469 2666 512 2705 et
551 2664 785 2705 tenendum
823 2665 1032 2719 predictas
1072 2680 1144 2708 sex
1185 2682 1300 2709 acras
1341 2668 1453 2723 prati
1492 2683 1587 2710 oum
1639 2669 1907 2724 pertinentiis
1946 2672 2111 2726 prefato

167 2753 399 2796 HowELLo
422 2752 578 2795 CARNE
599 2753 824 2796 heredibus
845 2757 887 2797 et
907 2755 1132 2811 assignatis
1152 2757 1237 2799 suis
1257 2757 1570 2814 imperpetuum
1592 2760 1644 2801 de
1664 2759 1785 2802 nobis
1812 2763 1855 2802 et
1885 2760 2110 2805 heredibus

168 2845 333 2887 nostris.
396 2843 632 2886 Reddendo
652 2844 752 2886 inde
773 2846 997 2887 annuatim
1017 2846 1138 2889 nobis
1159 2851 1200 2889 et
1222 2847 1446 2890 heredibus
1467 2849 1620 2890 nostris
1634 2850 1825 2892 redditus
1857 2854 1900 2893 et
1932 2853 2107 2895 servicia

168 2950 295 2991 supra
329 2934 550 2976 nominata
585 2935 638 2977 ad
679 2935 881 2978 terminos
915 2937 1135 2992 predictos.
1198 2938 1253 2980 In
1286 2938 1409 2994 cujus
1440 2939 1501 2981 rei
1533 2940 1824 2983 testimonium
1859 2941 1935 2984 has
1965 2943 2109 2986 literas

167 3029 331 3068 nostras
352 3025 441 3067 fieri
461 3025 640 3068 fecimus
661 3029 869 3080 patentes.

369 3155 440 3191 90}
