<?xml version="1.0" encoding="UTF-8"?>
<!DOCTYPE html PUBLIC "-//W3C//DTD XHTML 1.0 Transitional//EN"
    "http://www.w3.org/TR/xhtml1/DTD/xhtml1-transitional.dtd">
<html xmlns="http://www.w3.org/1999/xhtml" xml:lang="en" lang="en">
 <head>
  <title>
</title>
<meta http-equiv="Content-Type" content="text/html;charset=utf-8" />
  <meta name='ocr-system' content='tesseract 3.04.00' />
  <meta name='ocr-capabilities' content='ocr_page ocr_carea ocr_par ocr_line ocrx_word'/>
</head>
<body>
  <div class='ocr_page' id='page_1' title='image "./cartaeetaliamuni05claruoft/cartaeetaliamuni05claruoft_0105.png"; bbox 0 0 2362 3392; ppageno 0'>
   <div class='ocr_carea' id='block_1_1' title="bbox 1907 164 2017 206">
    <p class='ocr_par' dir='ltr' id='par_1_1' title="bbox 1907 164 2017 206">
     <span class='ocr_line' id='line_1_1' title="bbox 1907 164 2017 206; baseline 0.009 -1"><span class='ocrx_word' id='word_1_1' title='bbox 1907 164 2017 206; x_wconf 84' lang='lat'>1727</span> 
     </span>
    </p>
   </div>
   <div class='ocr_carea' id='block_1_2' title="bbox 953 368 1249 413">
    <p class='ocr_par' dir='ltr' id='par_1_2' title="bbox 953 368 1249 413">
     <span class='ocr_line' id='line_1_2' title="bbox 953 368 1249 413; baseline -0.007 -1"><span class='ocrx_word' id='word_1_2' title='bbox 953 368 1249 413; x_wconf 83' lang='lat' dir='ltr'>MGOXLVI.</span> 
     </span>
    </p>
   </div>
   <div class='ocr_carea' id='block_1_3' title="bbox 131 492 2071 636">
    <p class='ocr_par' dir='ltr' id='par_1_3' title="bbox 131 492 2071 636">
     <span class='ocr_line' id='line_1_3' title="bbox 131 492 2071 546; baseline -0.001 -8"><span class='ocrx_word' id='word_1_3' title='bbox 131 495 329 538; x_wconf 81' lang='lat' dir='ltr'>LEASE</span> <span class='ocrx_word' id='word_1_4' title='bbox 370 495 493 537; x_wconf 74' lang='lat' dir='ltr'>FOR</span> <span class='ocrx_word' id='word_1_5' title='bbox 543 494 740 545; x_wconf 82' lang='lat' dir='ltr'>LIVES,</span> <span class='ocrx_word' id='word_1_6' title='bbox 793 493 879 536; x_wconf 89' lang='lat' dir='ltr'>BY</span> <span class='ocrx_word' id='word_1_7' title='bbox 929 493 1235 545; x_wconf 83' lang='lat' dir='ltr'>WILLIAM,</span> <span class='ocrx_word' id='word_1_8' title='bbox 1287 492 1494 535; x_wconf 81' lang='lat' dir='ltr'>ABBOT</span> <span class='ocrx_word' id='word_1_9' title='bbox 1544 492 1622 535; x_wconf 90' lang='lat' dir='ltr'>OF</span> <span class='ocrx_word' id='word_1_10' title='bbox 1662 493 1952 546; x_wconf 77' lang='lat' dir='ltr'>MARGAM,</span> <span class='ocrx_word' id='word_1_11' title='bbox 1994 494 2071 537; x_wconf 89' lang='grc' dir='ltr'>ΤΟ</span> 
     </span>
     <span class='ocr_line' id='line_1_4' title="bbox 274 583 2071 636; baseline -0.001 -8"><span class='ocrx_word' id='word_1_12' title='bbox 274 585 442 629; x_wconf 88' lang='lat' dir='ltr'><strong>JOHN</strong></span> <span class='ocrx_word' id='word_1_13' title='bbox 476 584 611 628; x_wconf 90' lang='lat' dir='ltr'>AND</span> <span class='ocrx_word' id='word_1_14' title='bbox 648 584 938 627; x_wconf 78' lang='lat' dir='ltr'>RIGHARD</span> <span class='ocrx_word' id='word_1_15' title='bbox 971 583 1054 627; x_wconf 85' lang='grc' dir='ltr'>ΑΡ</span> <span class='ocrx_word' id='word_1_16' title='bbox 1090 583 1347 626; x_wconf 82' lang='lat' dir='ltr'><strong>THOMAS</strong></span> <span class='ocrx_word' id='word_1_17' title='bbox 1382 583 1465 626; x_wconf 90' lang='grc' dir='ltr'>ΑΡ</span> <span class='ocrx_word' id='word_1_18' title='bbox 1495 583 1796 636; x_wconf 79' lang='lat' dir='ltr'>RIOHARD,</span> <span class='ocrx_word' id='word_1_19' title='bbox 1832 584 1910 627; x_wconf 84' lang='lat' dir='ltr'>OF</span> <span class='ocrx_word' id='word_1_20' title='bbox 1941 585 2071 627; x_wconf 86' lang='lat' dir='ltr'>THE</span> 
     </span>
    </p>
   </div>
   <div class='ocr_carea' id='block_1_4' title="bbox 274 674 2038 727">
    <p class='ocr_par' dir='ltr' id='par_1_4' title="bbox 274 674 2038 727">
     <span class='ocr_line' id='line_1_5' title="bbox 274 674 2038 727; baseline -0.001 -8"><span class='ocrx_word' id='word_1_21' title='bbox 274 676 634 719; x_wconf 79' lang='lat' dir='ltr'>REVERSION</span> <span class='ocrx_word' id='word_1_22' title='bbox 677 675 755 718; x_wconf 75' lang='lat' dir='ltr'>OF</span> <span class='ocrx_word' id='word_1_23' title='bbox 796 674 926 718; x_wconf 81' lang='lat' dir='ltr'>THE</span> <span class='ocrx_word' id='word_1_24' title='bbox 969 674 1228 717; x_wconf 75' lang='lat' dir='ltr'><strong>GRANGE</strong></span> <span class='ocrx_word' id='word_1_25' title='bbox 1271 674 1349 717; x_wconf 82' lang='lat' dir='ltr'>OF</span> <span class='ocrx_word' id='word_1_26' title='bbox 1394 674 1893 727; x_wconf 68' lang='lat' dir='ltr'>HAVOTHALOEOE,</span> <span class='ocrx_word' id='word_1_27' title='bbox 1935 676 2038 719; x_wconf 75' lang='lat' dir='ltr'>Ere.</span> 
     </span>
    </p>
   </div>
   <div class='ocr_carea' id='block_1_5' title="bbox 842 791 1360 848">
    <p class='ocr_par' dir='ltr' id='par_1_5' title="bbox 842 791 1360 848">
     <span class='ocr_line' id='line_1_6' title="bbox 842 791 1360 848; baseline 0 -15"><span class='ocrx_word' id='word_1_28' title='bbox 842 791 1073 848; x_wconf 79' lang='lat' dir='ltr'>[MARGAM</span> <span class='ocrx_word' id='word_1_29' title='bbox 1105 791 1360 848; x_wconf 64' lang='lat' dir='ltr'>CHARTER]</span> 
     </span>
    </p>
   </div>
   <div class='ocr_carea' id='block_1_6' title="bbox 1159 890 2009 934">
    <p class='ocr_par' dir='ltr' id='par_1_6' title="bbox 1159 890 2009 934">
     <span class='ocr_line' id='line_1_7' title="bbox 1159 890 2009 934; baseline 0.001 -1"><span class='ocrx_word' id='word_1_30' title='bbox 1159 891 1478 933; x_wconf 82' lang='lat' dir='ltr'><strong>MICHAELMAS.</strong></span> <span class='ocrx_word' id='word_1_31' title='bbox 1539 892 1565 933; x_wconf 78' lang='lat'>2</span> <span class='ocrx_word' id='word_1_32' title='bbox 1597 891 1695 933; x_wconf 82' lang='lat' dir='ltr'>R1c.</span> <span class='ocrx_word' id='word_1_33' title='bbox 1728 890 1819 934; x_wconf 91' lang='grc' dir='ltr'>ΙΠ.</span> <span class='ocrx_word' id='word_1_34' title='bbox 1885 893 2009 934; x_wconf 81' lang='grc'><strong>1484.</strong></span> 
     </span>
    </p>
   </div>
   <div class='ocr_carea' id='block_1_7' title="bbox 113 997 2067 2874">
    <p class='ocr_par' dir='ltr' id='par_1_7' title="bbox 113 997 2067 2874">
     <span class='ocr_line' id='line_1_8' title="bbox 185 997 2066 1042; baseline 0 0"><span class='ocrx_word' id='word_1_35' title='bbox 185 999 282 1042; x_wconf 88' lang='lat' dir='ltr'>Hec</span> <span class='ocrx_word' id='word_1_36' title='bbox 301 1000 529 1042; x_wconf 87' lang='lat' dir='ltr'>indentura</span> <span class='ocrx_word' id='word_1_37' title='bbox 550 1000 664 1041; x_wconf 73' lang='lat' dir='ltr'>facta</span> <span class='ocrx_word' id='word_1_38' title='bbox 684 999 797 1041; x_wconf 85' lang='lat' dir='ltr'>iuter</span> <span class='ocrx_word' id='word_1_39' title='bbox 817 998 1116 1042; x_wconf 83' lang='lat' dir='ltr'>WILLELMUM</span> <span class='ocrx_word' id='word_1_40' title='bbox 1137 997 1335 1040; x_wconf 80' lang='lat' dir='ltr'><strong>abbatem</strong></span> <span class='ocrx_word' id='word_1_41' title='bbox 1363 998 1606 1041; x_wconf 88' lang='lat' dir='ltr'>monasterii</span> <span class='ocrx_word' id='word_1_42' title='bbox 1626 999 1679 1041; x_wconf 88' lang='lat' dir='ltr'>B.</span> <span class='ocrx_word' id='word_1_43' title='bbox 1702 999 1764 1041; x_wconf 88' lang='lat' dir='ltr'>M.</span> <span class='ocrx_word' id='word_1_44' title='bbox 1788 1001 1840 1042; x_wconf 92' lang='lat' dir='ltr'>de</span> <span class='ocrx_word' id='word_1_45' title='bbox 1861 1000 2066 1042; x_wconf 82' lang='lat' dir='ltr'><strong>MARGAN</strong></span> 
     </span>
     <span class='ocr_line' id='line_1_9' title="bbox 126 1089 2067 1147; baseline 0 -14"><span class='ocrx_word' id='word_1_46' title='bbox 126 1094 168 1133; x_wconf 88' lang='lat' dir='ltr'>et</span> <span class='ocrx_word' id='word_1_47' title='bbox 189 1091 382 1147; x_wconf 82' lang='lat' dir='ltr'>ejusdem</span> <span class='ocrx_word' id='word_1_48' title='bbox 401 1091 482 1133; x_wconf 85' lang='lat' dir='ltr'>loci</span> <span class='ocrx_word' id='word_1_49' title='bbox 503 1095 758 1133; x_wconf 88' lang='lat' dir='ltr'>conventum</span> <span class='ocrx_word' id='word_1_50' title='bbox 780 1105 832 1132; x_wconf 82' lang='lat' dir='ltr'>ex</span> <span class='ocrx_word' id='word_1_51' title='bbox 862 1093 981 1144; x_wconf 84' lang='lat' dir='ltr'>parte</span> <span class='ocrx_word' id='word_1_52' title='bbox 1011 1104 1098 1131; x_wconf 90' lang='lat' dir='ltr'>una</span> <span class='ocrx_word' id='word_1_53' title='bbox 1128 1092 1170 1131; x_wconf 91' lang='lat' dir='ltr'>et</span> <span class='ocrx_word' id='word_1_54' title='bbox 1199 1089 1228 1132; x_wconf 86' lang='lat' dir='ltr'>J</span> <span class='ocrx_word' id='word_1_55' title='bbox 1231 1104 1456 1131; x_wconf 83' lang='lat' dir='ltr'><strong>OHANNEM</strong></span> <span class='ocrx_word' id='word_1_56' title='bbox 1486 1105 1540 1146; x_wconf 90' lang='lat' dir='ltr'>ap</span> <span class='ocrx_word' id='word_1_57' title='bbox 1567 1089 1757 1132; x_wconf 78' lang='lat' dir='ltr'>THOMAs</span> <span class='ocrx_word' id='word_1_58' title='bbox 1777 1105 1830 1146; x_wconf 88' lang='lat' dir='ltr'>ap</span> <span class='ocrx_word' id='word_1_59' title='bbox 1853 1091 2067 1133; x_wconf 76' lang='lat' dir='ltr'>RICHARD</span> 
     </span>
     <span class='ocr_line' id='line_1_10' title="bbox 125 1180 2065 1238; baseline 0 -14"><span class='ocrx_word' id='word_1_60' title='bbox 125 1185 167 1224; x_wconf 91' lang='lat' dir='ltr'>et</span> <span class='ocrx_word' id='word_1_61' title='bbox 200 1182 413 1224; x_wconf 78' lang='lat' dir='ltr'>RICHARD</span> <span class='ocrx_word' id='word_1_62' title='bbox 449 1198 503 1238; x_wconf 89' lang='lat' dir='ltr'>ap</span> <span class='ocrx_word' id='word_1_63' title='bbox 539 1182 730 1224; x_wconf 79' lang='lat' dir='ltr'>THOMAS</span> <span class='ocrx_word' id='word_1_64' title='bbox 765 1196 819 1236; x_wconf 89' lang='lat' dir='ltr'>ap</span> <span class='ocrx_word' id='word_1_65' title='bbox 854 1180 1067 1222; x_wconf 78' lang='lat' dir='ltr'><strong>RICHARD</strong></span> <span class='ocrx_word' id='word_1_66' title='bbox 1100 1180 1359 1234; x_wconf 88' lang='lat' dir='ltr'>conjunctim</span> <span class='ocrx_word' id='word_1_67' title='bbox 1396 1184 1438 1222; x_wconf 93' lang='lat' dir='ltr'>et</span> <span class='ocrx_word' id='word_1_68' title='bbox 1478 1181 1648 1223; x_wconf 84' lang='lat' dir='ltr'>divisim</span> <span class='ocrx_word' id='word_1_69' title='bbox 1683 1196 1737 1223; x_wconf 84' lang='lat' dir='ltr'>ex</span> <span class='ocrx_word' id='word_1_70' title='bbox 1771 1185 1891 1237; x_wconf 86' lang='lat' dir='ltr'>parte</span> <span class='ocrx_word' id='word_1_71' title='bbox 1932 1183 2065 1224; x_wconf 90' lang='lat' dir='ltr'>altera</span> 
     </span>
     <span class='ocr_line' id='line_1_11' title="bbox 124 1272 2063 1329; baseline 0 -14"><span class='ocrx_word' id='word_1_72' title='bbox 124 1275 304 1315; x_wconf 87' lang='lat' dir='ltr'>testatur</span> <span class='ocrx_word' id='word_1_73' title='bbox 339 1274 451 1329; x_wconf 89' lang='lat' dir='ltr'>quod</span> <span class='ocrx_word' id='word_1_74' title='bbox 486 1273 699 1328; x_wconf 79' lang='lat' dir='ltr'>predictus</span> <span class='ocrx_word' id='word_1_75' title='bbox 731 1272 859 1314; x_wconf 90' lang='lat' dir='ltr'>abbas</span> <span class='ocrx_word' id='word_1_76' title='bbox 893 1276 935 1314; x_wconf 91' lang='lat' dir='ltr'>et</span> <span class='ocrx_word' id='word_1_77' title='bbox 967 1274 1200 1313; x_wconf 88' lang='lat' dir='ltr'>conventus</span> <span class='ocrx_word' id='word_1_78' title='bbox 1232 1272 1426 1313; x_wconf 88' lang='lat' dir='ltr'>unanimi</span> <span class='ocrx_word' id='word_1_79' title='bbox 1456 1286 1627 1314; x_wconf 89' lang='lat' dir='ltr'>assensu</span> <span class='ocrx_word' id='word_1_80' title='bbox 1651 1276 1693 1314; x_wconf 92' lang='lat' dir='ltr'>et</span> <span class='ocrx_word' id='word_1_81' title='bbox 1727 1287 1931 1315; x_wconf 87' lang='lat' dir='ltr'>consensu</span> <span class='ocrx_word' id='word_1_82' title='bbox 1966 1288 2063 1315; x_wconf 88' lang='lat' dir='ltr'>oon-</span> 
     </span>
     <span class='ocr_line' id='line_1_12' title="bbox 125 1362 2065 1406; baseline -0.001 0"><span class='ocrx_word' id='word_1_83' title='bbox 125 1368 338 1406; x_wconf 87' lang='lat' dir='ltr'>oesserunt</span> <span class='ocrx_word' id='word_1_84' title='bbox 357 1364 625 1406; x_wconf 81' lang='lat' dir='ltr'>tradiderunt</span> <span class='ocrx_word' id='word_1_85' title='bbox 646 1366 688 1405; x_wconf 90' lang='lat' dir='ltr'>et</span> <span class='ocrx_word' id='word_1_86' title='bbox 705 1364 759 1405; x_wconf 86' lang='lat' dir='ltr'>ad</span> <span class='ocrx_word' id='word_1_87' title='bbox 779 1363 946 1405; x_wconf 85' lang='lat' dir='ltr'>firmam</span> <span class='ocrx_word' id='word_1_88' title='bbox 959 1362 1212 1404; x_wconf 88' lang='lat' dir='ltr'>dimiserunt</span> <span class='ocrx_word' id='word_1_89' title='bbox 1232 1362 1261 1404; x_wconf 86' lang='lat' dir='ltr'>J</span> <span class='ocrx_word' id='word_1_90' title='bbox 1265 1376 1441 1404; x_wconf 84' lang='lat' dir='ltr'>OHANNI</span> <span class='ocrx_word' id='word_1_91' title='bbox 1459 1366 1500 1404; x_wconf 90' lang='lat' dir='ltr'>et</span> <span class='ocrx_word' id='word_1_92' title='bbox 1522 1362 1736 1404; x_wconf 76' lang='lat' dir='ltr'><strong>RICHARD</strong></span> <span class='ocrx_word' id='word_1_93' title='bbox 1756 1396 1764 1404; x_wconf 95' lang='lat'>.</span> <span class='ocrx_word' id='word_1_94' title='bbox 1783 1364 2065 1406; x_wconf 81' lang='lat' dir='ltr'>reversionem</span> 
     </span>
     <span class='ocr_line' id='line_1_13' title="bbox 122 1453 2063 1511; baseline 0.001 -15"><span class='ocrx_word' id='word_1_95' title='bbox 122 1457 217 1511; x_wconf 88' lang='lat' dir='ltr'>post</span> <span class='ocrx_word' id='word_1_96' title='bbox 247 1456 461 1496; x_wconf 90' lang='lat' dir='ltr'>decessum</span> <span class='ocrx_word' id='word_1_97' title='bbox 491 1454 659 1496; x_wconf 82' lang='grc' dir='ltr'>ΤΗΟΜΕ</span> <span class='ocrx_word' id='word_1_98' title='bbox 690 1469 742 1510; x_wconf 87' lang='lat' dir='ltr'>ap</span> <span class='ocrx_word' id='word_1_99' title='bbox 785 1453 998 1495; x_wconf 78' lang='lat' dir='ltr'><strong>RICHARD</strong></span> <span class='ocrx_word' id='word_1_100' title='bbox 1030 1454 1209 1509; x_wconf 86' lang='lat' dir='ltr'>grangie</span> <span class='ocrx_word' id='word_1_101' title='bbox 1239 1457 1380 1495; x_wconf 87' lang='lat' dir='ltr'>nostre</span> <span class='ocrx_word' id='word_1_102' title='bbox 1411 1456 1555 1495; x_wconf 87' lang='lat' dir='ltr'>vocate</span> <span class='ocrx_word' id='word_1_103' title='bbox 1586 1453 1936 1496; x_wconf 81' lang='lat' dir='ltr'><strong>HAVOTHALOKE</strong></span> <span class='ocrx_word' id='word_1_104' title='bbox 1967 1470 2063 1497; x_wconf 93' lang='lat' dir='ltr'>cum</span> 
     </span>
     <span class='ocr_line' id='line_1_14' title="bbox 123 1543 2062 1601; baseline 0.001 -14"><span class='ocrx_word' id='word_1_105' title='bbox 123 1545 318 1587; x_wconf 88' lang='lat' dir='ltr'>omnibus</span> <span class='ocrx_word' id='word_1_106' title='bbox 335 1545 603 1601; x_wconf 74' lang='lat' dir='ltr'>pertinenciis</span> <span class='ocrx_word' id='word_1_107' title='bbox 616 1546 701 1587; x_wconf 90' lang='lat' dir='ltr'>suis</span> <span class='ocrx_word' id='word_1_108' title='bbox 716 1548 841 1600; x_wconf 81' lang='lat' dir='ltr'>prout</span> <span class='ocrx_word' id='word_1_109' title='bbox 855 1544 1046 1598; x_wconf 83' lang='lat' dir='ltr'>prefatus</span> <span class='ocrx_word' id='word_1_110' title='bbox 1062 1543 1251 1586; x_wconf 69' lang='lat' dir='ltr'>Tnoms</span> <span class='ocrx_word' id='word_1_111' title='bbox 1266 1545 1391 1586; x_wconf 90' lang='lat' dir='ltr'>modo</span> <span class='ocrx_word' id='word_1_112' title='bbox 1403 1544 1544 1586; x_wconf 88' lang='lat' dir='ltr'>tenuit</span> <span class='ocrx_word' id='word_1_113' title='bbox 1557 1548 1600 1586; x_wconf 91' lang='lat' dir='ltr'>et</span> <span class='ocrx_word' id='word_1_114' title='bbox 1615 1544 1829 1586; x_wconf 77' lang='lat' dir='ltr'>RICHARD</span> <span class='ocrx_word' id='word_1_115' title='bbox 1842 1560 1895 1600; x_wconf 88' lang='lat' dir='ltr'>ap</span> <span class='ocrx_word' id='word_1_116' title='bbox 1908 1545 1938 1587; x_wconf 88' lang='lat' dir='ltr'>J</span> <span class='ocrx_word' id='word_1_117' title='bbox 1942 1560 2062 1588; x_wconf 84' lang='lat' dir='ltr'>EVAN</span> 
     </span>
     <span class='ocr_line' id='line_1_15' title="bbox 121 1635 2061 1691; baseline 0.001 -13"><span class='ocrx_word' id='word_1_118' title='bbox 121 1651 175 1691; x_wconf 87' lang='lat' dir='ltr'>ap</span> <span class='ocrx_word' id='word_1_119' title='bbox 197 1636 414 1678; x_wconf 81' lang='lat' dir='ltr'>HOWELL&#39;</span> <span class='ocrx_word' id='word_1_120' title='bbox 437 1651 573 1691; x_wconf 85' lang='lat' dir='ltr'>nuper</span> <span class='ocrx_word' id='word_1_121' title='bbox 593 1635 744 1677; x_wconf 90' lang='lat' dir='ltr'>melius</span> <span class='ocrx_word' id='word_1_122' title='bbox 766 1639 807 1677; x_wconf 87' lang='lat' dir='ltr'>et</span> <span class='ocrx_word' id='word_1_123' title='bbox 829 1635 996 1691; x_wconf 83' lang='lat' dir='ltr'>plenius</span> <span class='ocrx_word' id='word_1_124' title='bbox 1020 1669 1028 1677; x_wconf 91' lang='lat'>.</span> <span class='ocrx_word' id='word_1_125' title='bbox 1051 1635 1201 1677; x_wconf 82' lang='lat' dir='ltr'>habuit</span> <span class='ocrx_word' id='word_1_126' title='bbox 1223 1641 1264 1677; x_wconf 90' lang='lat' dir='ltr'>et</span> <span class='ocrx_word' id='word_1_127' title='bbox 1295 1635 1445 1678; x_wconf 78' lang='lat' dir='ltr'>tenuit.</span> <span class='ocrx_word' id='word_1_128' title='bbox 1507 1637 1573 1678; x_wconf 89' lang='lat' dir='ltr'>Ac</span> <span class='ocrx_word' id='word_1_129' title='bbox 1594 1636 1726 1678; x_wconf 84' lang='lat' dir='ltr'>eciam</span> <span class='ocrx_word' id='word_1_130' title='bbox 1747 1636 1849 1678; x_wconf 86' lang='lat' dir='ltr'>dicti</span> <span class='ocrx_word' id='word_1_131' title='bbox 1870 1636 1999 1679; x_wconf 87' lang='lat' dir='ltr'>abbas</span> <span class='ocrx_word' id='word_1_132' title='bbox 2020 1642 2061 1679; x_wconf 88' lang='lat' dir='ltr'>et</span> 
     </span>
     <span class='ocr_line' id='line_1_16' title="bbox 121 1726 2061 1782; baseline 0.001 -13"><span class='ocrx_word' id='word_1_133' title='bbox 121 1732 352 1769; x_wconf 87' lang='lat' dir='ltr'>conventus</span> <span class='ocrx_word' id='word_1_134' title='bbox 372 1730 664 1769; x_wconf 89' lang='lat' dir='ltr'>concesserunt</span> <span class='ocrx_word' id='word_1_135' title='bbox 684 1731 725 1768; x_wconf 88' lang='lat' dir='ltr'>et</span> <span class='ocrx_word' id='word_1_136' title='bbox 747 1726 999 1768; x_wconf 86' lang='lat' dir='ltr'>dimiserunt</span> <span class='ocrx_word' id='word_1_137' title='bbox 1020 1726 1195 1782; x_wconf 75' lang='lat' dir='ltr'>prefatis</span> <span class='ocrx_word' id='word_1_138' title='bbox 1225 1726 1253 1769; x_wconf 90' lang='lat' dir='ltr'>J</span> <span class='ocrx_word' id='word_1_139' title='bbox 1256 1741 1432 1768; x_wconf 82' lang='lat' dir='ltr'><strong>OHANNI</strong></span> <span class='ocrx_word' id='word_1_140' title='bbox 1463 1730 1506 1768; x_wconf 89' lang='lat' dir='ltr'>et</span> <span class='ocrx_word' id='word_1_141' title='bbox 1537 1726 1750 1769; x_wconf 70' lang='lat' dir='ltr'>RmHARn</span> <span class='ocrx_word' id='word_1_142' title='bbox 1780 1728 2061 1770; x_wconf 85' lang='lat' dir='ltr'>reversionem</span> 
     </span>
     <span class='ocr_line' id='line_1_17' title="bbox 120 1817 2061 1874; baseline 0 -15"><span class='ocrx_word' id='word_1_143' title='bbox 120 1823 214 1873; x_wconf 90' lang='lat' dir='ltr'>post</span> <span class='ocrx_word' id='word_1_144' title='bbox 234 1818 448 1860; x_wconf 79' lang='lat' dir='ltr'>decessum</span> <span class='ocrx_word' id='word_1_145' title='bbox 469 1817 571 1860; x_wconf 89' lang='lat' dir='ltr'>dicti</span> <span class='ocrx_word' id='word_1_146' title='bbox 593 1817 760 1859; x_wconf 78' lang='lat' dir='ltr'>THOME</span> <span class='ocrx_word' id='word_1_147' title='bbox 782 1817 1009 1874; x_wconf 87' lang='lat' dir='ltr'>parcellam</span> <span class='ocrx_word' id='word_1_148' title='bbox 1030 1818 1116 1872; x_wconf 68' lang='lat' dir='ltr'>(sie)</span> <span class='ocrx_word' id='word_1_149' title='bbox 1143 1818 1302 1859; x_wconf 91' lang='lat' dir='ltr'>decime</span> <span class='ocrx_word' id='word_1_150' title='bbox 1324 1817 1554 1874; x_wconf 83' lang='lat' dir='ltr'>garbarum</span> <span class='ocrx_word' id='word_1_151' title='bbox 1570 1818 1678 1860; x_wconf 88' lang='lat' dir='ltr'>sicut</span> <span class='ocrx_word' id='word_1_152' title='bbox 1693 1818 1830 1860; x_wconf 90' lang='lat' dir='ltr'>dictus</span> <span class='ocrx_word' id='word_1_153' title='bbox 1848 1819 2061 1861; x_wconf 78' lang='lat' dir='ltr'>RICHARD</span> 
     </span>
     <span class='ocr_line' id='line_1_18' title="bbox 120 1907 2061 1965; baseline 0.001 -15"><span class='ocrx_word' id='word_1_154' title='bbox 120 1923 255 1964; x_wconf 85' lang='lat' dir='ltr'>nuper</span> <span class='ocrx_word' id='word_1_155' title='bbox 295 1907 458 1950; x_wconf 89' lang='lat' dir='ltr'>habuit.</span> <span class='ocrx_word' id='word_1_156' title='bbox 532 1908 798 1951; x_wconf 87' lang='lat' dir='ltr'>Habendum</span> <span class='ocrx_word' id='word_1_157' title='bbox 838 1912 880 1950; x_wconf 91' lang='lat' dir='ltr'>et</span> <span class='ocrx_word' id='word_1_158' title='bbox 920 1909 1155 1950; x_wconf 84' lang='lat' dir='ltr'>tenendum</span> <span class='ocrx_word' id='word_1_159' title='bbox 1189 1908 1422 1963; x_wconf 76' lang='lat' dir='ltr'>predictam</span> <span class='ocrx_word' id='word_1_160' title='bbox 1462 1909 1689 1965; x_wconf 85' lang='lat' dir='ltr'>grangiam</span> <span class='ocrx_word' id='word_1_161' title='bbox 1729 1925 1825 1952; x_wconf 90' lang='lat' dir='ltr'>cum</span> <span class='ocrx_word' id='word_1_162' title='bbox 1865 1910 2061 1953; x_wconf 89' lang='lat' dir='ltr'>omnibus</span> 
     </span>
     <span class='ocr_line' id='line_1_19' title="bbox 118 1998 2059 2054; baseline 0.002 -14"><span class='ocrx_word' id='word_1_163' title='bbox 118 1999 388 2054; x_wconf 85' lang='lat' dir='ltr'>pertinenciis</span> <span class='ocrx_word' id='word_1_164' title='bbox 409 1999 495 2040; x_wconf 86' lang='lat' dir='ltr'>suis</span> <span class='ocrx_word' id='word_1_165' title='bbox 525 2002 567 2041; x_wconf 87' lang='lat' dir='ltr'>et</span> <span class='ocrx_word' id='word_1_166' title='bbox 596 1999 754 2041; x_wconf 86' lang='lat' dir='ltr'>dictam</span> <span class='ocrx_word' id='word_1_167' title='bbox 784 1999 1012 2054; x_wconf 69' lang='lat' dir='ltr'>pai-cellam</span> <span class='ocrx_word' id='word_1_168' title='bbox 1042 1999 1202 2041; x_wconf 88' lang='lat' dir='ltr'>decime</span> <span class='ocrx_word' id='word_1_169' title='bbox 1224 1998 1453 2054; x_wconf 84' lang='lat' dir='ltr'>garbarum</span> <span class='ocrx_word' id='word_1_170' title='bbox 1481 2000 1535 2041; x_wconf 91' lang='lat' dir='ltr'>ad</span> <span class='ocrx_word' id='word_1_171' title='bbox 1554 2000 1787 2042; x_wconf 87' lang='lat' dir='ltr'>terminum</span> <span class='ocrx_word' id='word_1_172' title='bbox 1807 2001 1893 2043; x_wconf 85' lang='lat' dir='ltr'>vite</span> <span class='ocrx_word' id='word_1_173' title='bbox 1914 2016 2059 2043; x_wconf 88' lang='lat' dir='ltr'>eorum</span> 
     </span>
     <span class='ocr_line' id='line_1_20' title="bbox 118 2088 2059 2144; baseline 0.002 -13"><span class='ocrx_word' id='word_1_174' title='bbox 118 2103 192 2131; x_wconf 87' lang='lat' dir='ltr'>seu</span> <span class='ocrx_word' id='word_1_175' title='bbox 221 2089 348 2130; x_wconf 87' lang='lat' dir='ltr'>unius</span> <span class='ocrx_word' id='word_1_176' title='bbox 377 2089 565 2144; x_wconf 88' lang='lat' dir='ltr'>ipsorum</span> <span class='ocrx_word' id='word_1_177' title='bbox 594 2089 758 2131; x_wconf 88' lang='lat' dir='ltr'>diucius</span> <span class='ocrx_word' id='word_1_178' title='bbox 779 2089 972 2130; x_wconf 87' lang='lat' dir='ltr'>viventis.</span> <span class='ocrx_word' id='word_1_179' title='bbox 1036 2088 1273 2131; x_wconf 86' lang='lat' dir='ltr'>Reddendo</span> <span class='ocrx_word' id='word_1_180' title='bbox 1302 2090 1402 2131; x_wconf 91' lang='lat' dir='ltr'>inde</span> <span class='ocrx_word' id='word_1_181' title='bbox 1434 2090 1658 2132; x_wconf 85' lang='lat' dir='ltr'>annuatim</span> <span class='ocrx_word' id='word_1_182' title='bbox 1688 2091 1812 2133; x_wconf 87' lang='lat' dir='ltr'>dictis</span> <span class='ocrx_word' id='word_1_183' title='bbox 1841 2091 1986 2133; x_wconf 89' lang='lat' dir='ltr'>abbati</span> <span class='ocrx_word' id='word_1_184' title='bbox 2016 2098 2059 2134; x_wconf 83' lang='lat' dir='ltr'>et</span> 
     </span>
     <span class='ocr_line' id='line_1_21' title="bbox 119 2179 2058 2237; baseline 0.002 -17"><span class='ocrx_word' id='word_1_185' title='bbox 119 2179 345 2220; x_wconf 86' lang='lat' dir='ltr'>conventui</span> <span class='ocrx_word' id='word_1_186' title='bbox 366 2181 409 2220; x_wconf 90' lang='lat' dir='ltr'>et</span> <span class='ocrx_word' id='word_1_187' title='bbox 428 2194 574 2221; x_wconf 88' lang='lat' dir='ltr'>eorum</span> <span class='ocrx_word' id='word_1_188' title='bbox 594 2179 896 2222; x_wconf 88' lang='lat' dir='ltr'>successoribus</span> <span class='ocrx_word' id='word_1_189' title='bbox 916 2194 992 2235; x_wconf 88' lang='lat' dir='ltr'>pro</span> <span class='ocrx_word' id='word_1_190' title='bbox 1012 2179 1201 2234; x_wconf 85' lang='lat' dir='ltr'>predicta</span> <span class='ocrx_word' id='word_1_191' title='bbox 1222 2180 1404 2236; x_wconf 90' lang='lat' dir='ltr'>grangia</span> <span class='ocrx_word' id='word_1_192' title='bbox 1434 2196 1531 2222; x_wconf 90' lang='lat' dir='ltr'>oum</span> <span class='ocrx_word' id='word_1_193' title='bbox 1561 2181 1758 2224; x_wconf 90' lang='lat' dir='ltr'>omnibus</span> <span class='ocrx_word' id='word_1_194' title='bbox 1787 2182 2058 2237; x_wconf 87' lang='lat' dir='ltr'>pertinenciis</span> 
     </span>
     <span class='ocr_line' id='line_1_22' title="bbox 118 2269 2057 2326; baseline 0.003 -16"><span class='ocrx_word' id='word_1_195' title='bbox 118 2269 203 2311; x_wconf 89' lang='lat' dir='ltr'>suis</span> <span class='ocrx_word' id='word_1_196' title='bbox 223 2269 379 2325; x_wconf 88' lang='lat' dir='ltr'>viginti</span> <span class='ocrx_word' id='word_1_197' title='bbox 400 2269 552 2311; x_wconf 86' lang='lat' dir='ltr'>solidos</span> <span class='ocrx_word' id='word_1_198' title='bbox 572 2273 615 2312; x_wconf 89' lang='lat' dir='ltr'>et</span> <span class='ocrx_word' id='word_1_199' title='bbox 634 2285 710 2324; x_wconf 87' lang='lat' dir='ltr'>pro</span> <span class='ocrx_word' id='word_1_200' title='bbox 729 2270 912 2325; x_wconf 87' lang='lat' dir='ltr'>parcella</span> <span class='ocrx_word' id='word_1_201' title='bbox 932 2270 1091 2311; x_wconf 90' lang='lat' dir='ltr'>decime</span> <span class='ocrx_word' id='word_1_202' title='bbox 1122 2270 1350 2326; x_wconf 89' lang='lat' dir='ltr'>garbarum</span> <span class='ocrx_word' id='word_1_203' title='bbox 1381 2286 1453 2313; x_wconf 83' lang='lat' dir='ltr'>sex</span> <span class='ocrx_word' id='word_1_204' title='bbox 1484 2272 1636 2314; x_wconf 87' lang='lat' dir='ltr'>solidos</span> <span class='ocrx_word' id='word_1_205' title='bbox 1668 2276 1709 2314; x_wconf 88' lang='lat' dir='ltr'>et</span> <span class='ocrx_word' id='word_1_206' title='bbox 1740 2279 1833 2315; x_wconf 92' lang='lat' dir='ltr'>octo</span> <span class='ocrx_word' id='word_1_207' title='bbox 1863 2274 2057 2316; x_wconf 89' lang='lat' dir='ltr'>denarios</span> 
     </span>
     <span class='ocr_line' id='line_1_23' title="bbox 116 2359 2057 2420; baseline 0.003 -19"><span class='ocrx_word' id='word_1_208' title='bbox 116 2360 170 2401; x_wconf 90' lang='lat' dir='ltr'>ad</span> <span class='ocrx_word' id='word_1_209' title='bbox 210 2360 368 2402; x_wconf 82' lang='lat' dir='ltr'>festum</span> <span class='ocrx_word' id='word_1_210' title='bbox 410 2359 555 2402; x_wconf 81' lang='lat' dir='ltr'>Sancti</span> <span class='ocrx_word' id='word_1_211' title='bbox 596 2360 856 2402; x_wconf 79' lang='lat' dir='ltr'>MICHAELIS</span> <span class='ocrx_word' id='word_1_212' title='bbox 897 2360 1153 2416; x_wconf 85' lang='lat' dir='ltr'>archangeli.</span> <span class='ocrx_word' id='word_1_213' title='bbox 1245 2361 1312 2404; x_wconf 87' lang='lat' dir='ltr'>Ac</span> <span class='ocrx_word' id='word_1_214' title='bbox 1351 2361 1484 2404; x_wconf 89' lang='lat' dir='ltr'>eciam</span> <span class='ocrx_word' id='word_1_215' title='bbox 1533 2363 1636 2405; x_wconf 91' lang='lat' dir='ltr'>dicti</span> <span class='ocrx_word' id='word_1_216' title='bbox 1680 2363 1710 2407; x_wconf 89' lang='lat' dir='ltr'><strong>J</strong></span> <span class='ocrx_word' id='word_1_217' title='bbox 1713 2363 1966 2420; x_wconf 75' lang='lat' dir='ltr'>OHANNE[s]</span> <span class='ocrx_word' id='word_1_218' title='bbox 2014 2368 2057 2407; x_wconf 87' lang='lat' dir='ltr'>et</span> 
     </span>
     <span class='ocr_line' id='line_1_24' title="bbox 117 2450 2057 2498; baseline 0.003 -6"><span class='ocrx_word' id='word_1_219' title='bbox 117 2450 330 2492; x_wconf 80' lang='lat' dir='ltr'><strong>RIOHARD</strong></span> <span class='ocrx_word' id='word_1_220' title='bbox 366 2450 666 2493; x_wconf 83' lang='lat' dir='ltr'>sustentabunt</span> <span class='ocrx_word' id='word_1_221' title='bbox 700 2454 743 2492; x_wconf 90' lang='lat' dir='ltr'>et</span> <span class='ocrx_word' id='word_1_222' title='bbox 774 2451 1114 2493; x_wconf 88' lang='lat' dir='ltr'>manutenebunt</span> <span class='ocrx_word' id='word_1_223' title='bbox 1146 2466 1290 2494; x_wconf 84' lang='lat' dir='ltr'>omnes</span> <span class='ocrx_word' id='word_1_224' title='bbox 1322 2453 1467 2496; x_wconf 91' lang='lat' dir='ltr'>domos</span> <span class='ocrx_word' id='word_1_225' title='bbox 1502 2453 1634 2496; x_wconf 79' lang='lat' dir='ltr'>fossas</span> <span class='ocrx_word' id='word_1_226' title='bbox 1664 2458 1706 2496; x_wconf 93' lang='lat' dir='ltr'>et</span> <span class='ocrx_word' id='word_1_227' title='bbox 1731 2455 1944 2497; x_wconf 89' lang='lat' dir='ltr'>clausuras</span> <span class='ocrx_word' id='word_1_228' title='bbox 1972 2457 2057 2498; x_wconf 89' lang='lat' dir='ltr'>suis</span> 
     </span>
     <span class='ocr_line' id='line_1_25' title="bbox 113 2541 2056 2600; baseline 0.003 -18"><span class='ocrx_word' id='word_1_229' title='bbox 113 2541 294 2597; x_wconf 86' lang='lat' dir='ltr'>propriis</span> <span class='ocrx_word' id='word_1_230' title='bbox 315 2541 553 2597; x_wconf 89' lang='lat' dir='ltr'>sumptibus</span> <span class='ocrx_word' id='word_1_231' title='bbox 574 2544 615 2583; x_wconf 81' lang='lat' dir='ltr'>et</span> <span class='ocrx_word' id='word_1_232' title='bbox 637 2541 831 2597; x_wconf 84' lang='lat' dir='ltr'>expensis</span> <span class='ocrx_word' id='word_1_233' title='bbox 853 2575 861 2583; x_wconf 91' lang='lat'><strong>.</strong></span> <span class='ocrx_word' id='word_1_234' title='bbox 885 2543 951 2584; x_wconf 93' lang='lat' dir='ltr'>Ac</span> <span class='ocrx_word' id='word_1_235' title='bbox 972 2542 1104 2584; x_wconf 88' lang='lat' dir='ltr'>eciam</span> <span class='ocrx_word' id='word_1_236' title='bbox 1123 2542 1289 2585; x_wconf 89' lang='lat' dir='ltr'>licitum</span> <span class='ocrx_word' id='word_1_237' title='bbox 1320 2543 1375 2585; x_wconf 86' lang='lat' dir='ltr'>sit</span> <span class='ocrx_word' id='word_1_238' title='bbox 1393 2543 1423 2587; x_wconf 86' lang='lat' dir='ltr'>J</span> <span class='ocrx_word' id='word_1_239' title='bbox 1425 2558 1635 2587; x_wconf 83' lang='lat' dir='ltr'><strong>OHANNES</strong></span> <span class='ocrx_word' id='word_1_240' title='bbox 1665 2545 1751 2600; x_wconf 69' lang='lat' dir='ltr'>(sic)</span> <span class='ocrx_word' id='word_1_241' title='bbox 1777 2549 1819 2588; x_wconf 88' lang='lat' dir='ltr'>et</span> <span class='ocrx_word' id='word_1_242' title='bbox 1840 2545 2056 2588; x_wconf 79' lang='lat' dir='ltr'><strong>RICHARD</strong></span> 
     </span>
     <span class='ocr_line' id='line_1_26' title="bbox 115 2631 2055 2692; baseline 0.004 -20"><span class='ocrx_word' id='word_1_243' title='bbox 115 2631 308 2673; x_wconf 87' lang='lat' dir='ltr'>edificare</span> <span class='ocrx_word' id='word_1_244' title='bbox 337 2632 632 2674; x_wconf 89' lang='lat' dir='ltr'>molendinum</span> <span class='ocrx_word' id='word_1_245' title='bbox 662 2631 916 2675; x_wconf 82' lang='lat' dir='ltr'>fullonicum</span> <span class='ocrx_word' id='word_1_246' title='bbox 957 2647 1081 2688; x_wconf 88' lang='lat' dir='ltr'>super</span> <span class='ocrx_word' id='word_1_247' title='bbox 1120 2633 1245 2676; x_wconf 79' lang='lat' dir='ltr'>feodo</span> <span class='ocrx_word' id='word_1_248' title='bbox 1287 2635 1397 2677; x_wconf 88' lang='lat' dir='ltr'>dicte</span> <span class='ocrx_word' id='word_1_249' title='bbox 1437 2635 1617 2692; x_wconf 87' lang='lat' dir='ltr'>grangie</span> <span class='ocrx_word' id='word_1_250' title='bbox 1653 2636 1688 2678; x_wconf 90' lang='lat' dir='ltr'>si</span> <span class='ocrx_word' id='word_1_251' title='bbox 1728 2637 1939 2679; x_wconf 88' lang='lat' dir='ltr'>voluerint</span> <span class='ocrx_word' id='word_1_252' title='bbox 1969 2638 2055 2680; x_wconf 88' lang='lat' dir='ltr'>suis</span> 
     </span>
     <span class='ocr_line' id='line_1_27' title="bbox 114 2721 2055 2781; baseline 0.004 -18"><span class='ocrx_word' id='word_1_253' title='bbox 114 2721 294 2777; x_wconf 88' lang='lat' dir='ltr'>propriis</span> <span class='ocrx_word' id='word_1_254' title='bbox 313 2722 551 2777; x_wconf 87' lang='lat' dir='ltr'>sumptibus</span> <span class='ocrx_word' id='word_1_255' title='bbox 572 2726 614 2764; x_wconf 85' lang='lat' dir='ltr'>et</span> <span class='ocrx_word' id='word_1_256' title='bbox 635 2723 828 2778; x_wconf 84' lang='lat' dir='ltr'>expensis</span> <span class='ocrx_word' id='word_1_257' title='bbox 849 2727 891 2765; x_wconf 92' lang='lat' dir='ltr'>et</span> <span class='ocrx_word' id='word_1_258' title='bbox 910 2724 1084 2766; x_wconf 89' lang='lat' dir='ltr'>reddere</span> <span class='ocrx_word' id='word_1_259' title='bbox 1105 2724 1294 2780; x_wconf 89' lang='lat' dir='ltr'>quolibet</span> <span class='ocrx_word' id='word_1_260' title='bbox 1322 2740 1434 2768; x_wconf 90' lang='lat' dir='ltr'>anno</span> <span class='ocrx_word' id='word_1_261' title='bbox 1455 2741 1531 2781; x_wconf 88' lang='lat' dir='ltr'>pro</span> <span class='ocrx_word' id='word_1_262' title='bbox 1551 2726 1663 2769; x_wconf 91' lang='lat' dir='ltr'>dicto</span> <span class='ocrx_word' id='word_1_263' title='bbox 1683 2727 1928 2770; x_wconf 89' lang='lat' dir='ltr'>molendino</span> <span class='ocrx_word' id='word_1_264' title='bbox 1949 2729 2055 2770; x_wconf 90' lang='lat' dir='ltr'>duos</span> 
     </span>
     <span class='ocr_line' id='line_1_28' title="bbox 114 2811 2055 2874; baseline 0.004 -21"><span class='ocrx_word' id='word_1_265' title='bbox 114 2811 279 2853; x_wconf 87' lang='lat' dir='ltr'>solidos.</span> <span class='ocrx_word' id='word_1_266' title='bbox 355 2811 411 2854; x_wconf 89' lang='lat' dir='ltr'>In</span> <span class='ocrx_word' id='word_1_267' title='bbox 444 2812 510 2868; x_wconf 89' lang='lat' dir='ltr'>cuj</span> <span class='ocrx_word' id='word_1_268' title='bbox 518 2827 566 2855; x_wconf 93' lang='lat' dir='ltr'>us</span> <span class='ocrx_word' id='word_1_269' title='bbox 597 2813 659 2855; x_wconf 90' lang='lat' dir='ltr'>rei</span> <span class='ocrx_word' id='word_1_270' title='bbox 693 2813 985 2856; x_wconf 87' lang='lat' dir='ltr'>testimonium</span> <span class='ocrx_word' id='word_1_271' title='bbox 1017 2814 1148 2870; x_wconf 84' lang='lat' dir='ltr'>hujus</span> <span class='ocrx_word' id='word_1_272' title='bbox 1188 2815 1415 2858; x_wconf 88' lang='lat' dir='ltr'>indenture</span> <span class='ocrx_word' id='word_1_273' title='bbox 1453 2816 1645 2872; x_wconf 87' lang='lat' dir='ltr'>partibus</span> <span class='ocrx_word' id='word_1_274' title='bbox 1683 2817 1826 2874; x_wconf 81' lang='lat' dir='ltr'>sigilla.</span> <span class='ocrx_word' id='word_1_275' title='bbox 1864 2818 2055 2873; x_wconf 87' lang='lat' dir='ltr'>parcium</span> 
     </span>
    </p>
   </div>
   <div class='ocr_carea' id='block_1_8' title="bbox 113 2901 1002 2960">
    <p class='ocr_par' dir='ltr' id='par_1_8' title="bbox 113 2901 1002 2960">
     <span class='ocr_line' id='line_1_29' title="bbox 113 2901 1002 2960; baseline 0.004 -17"><span class='ocrx_word' id='word_1_276' title='bbox 113 2901 397 2957; x_wconf 87' lang='lat' dir='ltr'>predictarum</span> <span class='ocrx_word' id='word_1_277' title='bbox 418 2903 662 2946; x_wconf 81' lang='lat' dir='ltr'>alternatim</span> <span class='ocrx_word' id='word_1_278' title='bbox 683 2906 783 2946; x_wconf 88' lang='lat' dir='ltr'>sunt</span> <span class='ocrx_word' id='word_1_279' title='bbox 803 2919 1002 2960; x_wconf 83' lang='lat' dir='ltr'>appensa.</span> 
     </span>
    </p>
   </div>
  </div>
 </body>
</html>
