2362 3392
1906 224 2014 265 1809

951 433 1250 477 MOOOVIII.

122 550 422 594 PETITION
494 550 581 593 BY
653 549 947 593 WILLIAM
1022 551 1266 604 YEMAN,
1328 550 1406 593 OF
1480 549 1611 592 THE
1671 547 1935 592 DIOOESE
1996 546 2075 589 OF

267 641 626 693 LLANDAFF,
664 641 740 684 ΤΟ
784 641 914 684 THE
952 641 1123 694 POPE,
1158 642 1283 685 FOR
1323 641 1585 685 sUNDRY
1626 637 2077 683 INDULGENOES

266 732 568 776 GRANTED
635 731 722 775 BY
802 731 1044 785 JULIUS‚
1113 732 1442 775 OARDINAL
1510 732 1645 775 AND
1703 729 2071 774 VIGE-OHAN-

272 823 528 876 CELLOR,
548 823 683 866 AND
706 822 1150 865 EXEMPLIFIED
1169 823 1256 866 BY
1277 822 1534 866 THOMAS
1555 821 1826 873 HALSEY,
1844 820 2075 863 BISHOP

271 913 349 956 OF
400 913 732 964 LEIGHLIN,
774 914 1261 957 PENITENTIARY
1312 914 1389 957 OF
1432 914 1563 957 THE
1604 913 1812 956 PAPAL
1853 911 2072 955 OOURT.

712 1029 864 1086 [ERIT.
898 1030 1031 1081 Mus„
1065 1030 1220 1074 STOWE
1253 1030 1352 1082 GH„
1386 1029 1506 1087 621]

1558 1129 1828 1172 21MARCH.
1894 1129 2018 1170 1518.

187 1247 438 1289 Beatissime
459 1251 579 1302 pater
596 1250 643 1288 ut
661 1246 901 1288 animarum
922 1247 1050 1288 saluti
1072 1247 1322 1289 devotorum
1343 1250 1558 1289 oratorum
1574 1250 1810 1289 vestrorum
1831 1245 2081 1289 WILLELMI

131 1338 304 1381 YEMAN
335 1338 432 1380 laici
463 1338 640 1394 ejusque
672 1338 815 1379 uxoris
846 1341 888 1379 et
918 1352 1063 1379 eorum
1095 1338 1315 1393 utriusque
1347 1353 1471 1380 sexus
1501 1338 1731 1381 liberorum
1756 1337 2079 1380 LANDAvnNsm

132 1431 339 1473 dioceseos
383 1428 592 1471 salubrius
635 1429 880 1470 consulatur
923 1462 930 1470 .
974 1428 1227 1484 Supplicant
1262 1429 1482 1472 humiliter
1522 1429 1749 1472 Sanctitati
1800 1432 1938 1471 vestre
1979 1428 2083 1471 dicti

132 1525 317 1564 oratores
338 1520 540 1576 quatinus
561 1519 619 1561 eis
640 1523 683 1561 et
711 1534 856 1561 eorum
888 1518 1061 1561 cuilibet
1093 1520 1316 1575 specialem
1347 1520 1531 1576 gratiam
1562 1521 1766 1563 facientes
1796 1526 1845 1563 ut
1876 1520 2087 1562 confessor

133 1612 310 1654 idoneus
331 1611 528 1653 secularis
559 1611 625 1652 vel
656 1610 844 1666 cujusvis
876 1610 1036 1652 ordinis
1065 1612 1273 1666 regularis
1304 1611 1509 1666 presbiter
1539 1627 1664 1667 quem
1695 1611 1875 1667 quilibet
1896 1612 2085 1667 ipsorum

131 1704 304 1747 duxerit
334 1702 581 1758 eligendum
608 1701 719 1757 ipsos
747 1705 790 1743 et
820 1717 966 1744 eorum
1008 1701 1241 1757 quemlibet
1278 1718 1302 1743 a
1339 1703 1492 1758 quibus
1526 1703 1597 1759 jus
1632 1702 2085 1745 excommunicacionis

135 1794 419 1851 suspensionis
441 1798 482 1836 et
502 1792 719 1835 interdicti
741 1792 919 1848 aliisque
941 1793 1231 1835 ecclesiasticis
1262 1794 1486 1836 sentenciis
1517 1794 1702 1837 censuris
1730 1797 1773 1836 et
1802 1794 1923 1849 penis
1944 1809 1969 1835 a
1990 1794 2086 1849 jure

136 1888 204 1930 vel
236 1886 289 1929 ab
321 1885 494 1927 homine
527 1884 675 1939 quavis
709 1884 922 1927 occasione
956 1885 1021 1926 vel
1059 1899 1182 1927 causa
1217 1885 1315 1927 latis
1348 1901 1395 1927 ac
1436 1889 1631 1928 votorum
1665 1900 2014 1941 quorumcunque
2048 1888 2090 1926 et

137 1978 305 2021 ecclesie
344 1977 645 2019 mandatorum
685 1975 1093 2030 transgressionibus
1132 1976 1419 2031 perjuriorum
1460 1979 1502 2018 et
1542 1976 1761 2018 homicidii
1803 1977 1980 2018 casualis
2022 1977 2090 2018 vel

138 2069 336 2112 mentalis
367 2067 554 2110 reatibus
589 2081 798 2108 manuum
831 2067 1114 2109 violentarum
1148 2067 1193 2108 in
1227 2067 1396 2122 quasvis
1432 2082 1630 2122 personas
1666 2067 1964 2109 ecclesiasticas
2005 2081 2092 2109 non

140 2165 285 2203 tamen
306 2159 489 2215 prelatos
511 2159 562 2200 de
583 2157 786 2213 preterito
806 2157 1111 2213 injectionibus
1131 2158 1397 2213 jejuniorum
1422 2158 1704 2213 horarumque
1726 2158 2024 2200 canonicarum
2045 2173 2093 2200 ac

142 2251 382 2294 divinorum
418 2249 649 2292 officiorum
685 2250 726 2290 et
762 2248 1095 2302 penitentiarum
1130 2248 1420 2303 injunctarum
1455 2249 1501 2291 in
1533 2252 1623 2291 toto
1654 2249 1721 2291 vel
1745 2249 1790 2291 in
1818 2253 1938 2305 parte
1967 2249 2091 2291 omis-

145 2342 346 2394 sionibus,
383 2355 547 2383 necnon
581 2339 634 2382 ab
663 2338 860 2382 omnibus
895 2344 937 2380 et
974 2339 1154 2394 singulis
1187 2355 1332 2382 eorum
1364 2340 1544 2395 peccatis
1577 2339 1824 2383 criminibus
1859 2344 1901 2382 et
1929 2340 2094 2383 delictis

146 2438 523 2491 quantumcunque
553 2430 755 2488 gravibus
785 2433 828 2472 et
858 2430 1100 2472 enormibus
1131 2432 1183 2473 de
1215 2430 1369 2486 quibus
1400 2433 1523 2474 corde
1554 2431 1725 2473 contriti
1755 2434 1798 2473 et
1823 2447 1892 2473 ore
1913 2431 2093 2473 confessi

146 2526 307 2570 fuerint
328 2525 456 2567 etiam
478 2524 512 2565 si
532 2523 637 2566 talia
657 2522 799 2564 forent
818 2526 989 2577 propter
1009 2537 1091 2577 que
1112 2523 1231 2564 sedes
1247 2522 1474 2578 apostolica
1493 2522 1644 2565 merito
1675 2522 1785 2564 foret
1805 2523 2063 2566 consulenda
2080 2557 2089 2565 .

148 2619 215 2661 De
235 2615 456 2660 reservatis
476 2613 662 2669 exceptis
683 2612 892 2655 contentis
912 2613 957 2654 in
974 2612 1104 2654 Bulla
1126 2616 1135 2634 ⁴
1152 2611 1265 2655 Oene
1281 2613 1458 2655 Domini
1473 2613 1482 2631 ’
1505 2613 1634 2655 semel
1654 2613 1699 2655 in
1721 2613 1810 2655 vita
1825 2616 1868 2656 et
1882 2613 1928 2655 in
1945 2614 2093 2657 mortis

149 2708 326 2752 articulo
347 2708 400 2748 de
416 2705 511 2748 aliis
531 2719 628 2747 vero
650 2704 788 2745 eidem
809 2703 898 2745 sedi
918 2718 1005 2745 non
1025 2704 1248 2745 reservatis
1269 2703 1431 2746 casibus
1451 2704 1607 2746 totiens
1627 2704 1822 2758 quotiens
1841 2719 1946 2759 opus
1961 2704 2094 2747 fuerit

151 2800 364 2843 absolvere
395 2800 436 2839 et
466 2811 542 2852 pro
572 2794 802 2837 commissis
833 2794 1114 2849 penitentiam
1145 2795 1375 2837 salutarem
1414 2794 1644 2850 injungere
1676 2827 1686 2837 .
1718 2794 1833 2838 Vota
1862 2810 1960 2837 vero
1991 2810 2092 2850 que-

153 2904 318 2946 cunque
338 2886 617 2931 ultramarine
637 2884 893 2927 visitationis
912 2884 1109 2926 liminum
1132 2885 1417 2940 apostolorum
1437 2885 1580 2927 PETRI
1603 2888 1644 2927 et
1665 2884 1811 2926 PAULI
1832 2885 1885 2926 de
1906 2884 2028 2927 Urbe
2048 2900 2097 2928 ac

153 2982 182 3025 J
185 2994 312 3024 ACOBI
332 2979 378 3021 in
401 2976 718 3019 COMPOSTELLA
740 2989 904 3016 necnon
926 2974 1144 3030 religionis
1166 2978 1208 3016 et
1229 2975 1434 3017 castitatis
1463 2975 1572 3017 votis
1592 2976 1818 3018 dumtaxat
1838 2978 2022 3032 exceptis
2051 2977 2098 3019 in

359 3118 448 3152 lon
