2362 3392
225 242 336 284 1666

162 451 276 506 quod
296 452 399 492 tunc
420 449 610 505 predicta
640 449 930 505 messuagium
961 450 1177 505 ootagium
1201 450 1285 492 tria
1305 451 1487 507 gardina
1510 455 1553 494 et
1573 452 1799 495 duodecim
1821 468 1915 496 acre
1935 457 2047 497 terre
2077 457 2121 497 et

163 544 334 597 pasture
356 555 453 582 cum
472 540 743 596 pertinentiis
762 539 870 582 mihi
890 540 1056 596 prefato
1077 539 1106 582 J
1109 555 1288 583 OHANNI
1320 545 1362 583 et
1392 541 1617 586 heredibus
1647 544 1752 586 meis
1781 544 1948 600 integre
1980 560 2120 588 rever-

164 636 323 675 tantur.
386 631 442 674 In
463 631 530 687 cuj
538 646 586 674 us
606 631 668 673 rei
687 631 980 673 testimonium
1000 631 1078 673 uni
1097 632 1209 687 parti
1229 631 1356 688 hujus
1373 638 1484 676 carte
1500 634 1720 677 indentate
1737 650 1865 691 penes
1880 636 2119 691 predictum

165 724 371 767 ΤΗΟΜΑΜ
394 723 588 766 ΒΑοιΑΝ
609 722 848 777 remanenti
869 737 948 778 ego
968 722 1160 777 prefatus
1180 723 1210 766 J
1212 737 1422 767 OHANNES
1440 725 1630 781 sigillum
1646 741 1790 769 meum
1806 727 1984 783 apposui
1997 728 2121 770 alteri

166 831 265 858 vero
305 815 417 871 parti
467 814 660 870 ejusdem
710 817 823 856 carte
872 813 1094 856 indentate
1144 830 1273 870 penes
1312 831 1380 858 me
1421 817 1660 859 remanenti
1700 817 1892 873 prefatus
1933 818 2125 862 THOMAS

167 906 358 963 sigillum
380 905 588 962 apposuit.
651 904 753 947 Hiis
777 905 957 947 testibus
990 938 998 946 .
1033 905 1247 948 Rossssmo
1284 906 1479 950 RAGLAN
1518 942 1526 950 .
1565 907 1785 951 JOHANNE
1812 924 1866 965 ap
1887 909 1917 952 J
1920 924 2042 952 EVAN
2066 926 2120 967 ap

167 998 353 1042 Tuoms
395 1031 404 1040 .
446 996 637 1040 JANKYN
679 995 896 1038 FLEMING
940 1031 947 1038 .
991 996 1194 1039 HowELL
1235 1013 1289 1054 ap
1330 997 1510 1041 PHEHP
1551 1014 1604 1055 ap
1645 999 1834 1043 THOMAS
1878 1034 1886 1043 .
1928 1001 2122 1044 JANKYN

166 1089 364 1132 HosKYN
389 1122 397 1130 .
420 1087 449 1130 J
452 1102 506 1130 Ac
525 1087 646 1129 PERs
669 1120 678 1129 .
701 1086 869 1129 ΤΗΟΜΑ
891 1087 1086 1130 YORATH
1113 1122 1121 1130 .
1145 1092 1186 1130 et
1208 1089 1354 1131 mult-is
1377 1089 1482 1132 aliis.

221 1181 388 1223 Datum
428 1179 543 1235 apud
583 1178 803 1220 LANTWIT
843 1179 1082 1234 predictum
1123 1183 1274 1235 quarto
1317 1180 1385 1223 die
1427 1180 1621 1224 Octobris
1661 1196 1774 1224 anno
1815 1182 1939 1238 regni
1987 1182 2123 1239 Regis

164 1272 392 1314 Enwfflm
414 1270 555 1326 quarti
576 1273 671 1325 post
691 1274 970 1326 conquestum
991 1270 1176 1313 ANGLIE
1200 1271 1362 1327 quinto.

223 1363 334 1413 SeaL
356 1363 432 1404 red
452 1377 573 1413 wax3
606 1360 796 1403 defaced.

1015 1553 1270 1597 MCOXIV.

167 1663 384 1707 GRANT
419 1663 492 1705 IN
533 1662 684 1706 TAIL
726 1662 812 1705 BY
851 1661 1021 1705 JOHN
1061 1662 1382 1715 HERBERT,
1420 1663 1801 1708 OTHERWISE
1843 1665 2122 1717 RAGLAN,

310 1754 386 1796 ΤΟ
469 1753 761 1797 WILLIAM
843 1753 950 1797 HIS
1026 1753 1344 1807 BROTHER,
1421 1755 1500 1797 OF
1575 1755 1765 1809 LAND,
1842 1756 1989 1808 ETO„
2050 1757 2121 1799 IN

312 1844 670 1888 LLANTWIT.

934 1903 1152 1960 [Fomox
1185 1903 1303 1960 MS]

1351 1980 1376 2021 4
1410 1979 1509 2021 OCT.
1573 1981 1597 2020 5
1630 1979 1757 2021 Enw.
1791 1979 1872 2023 IV.
1937 1981 2061 2023 1465.

223 2085 433 2129 Omnibus
455 2085 641 2128 CHRISTI
664 2086 860 2129 fidelibus
873 2087 927 2128 ad
944 2102 1048 2142 quos
1063 2102 1232 2142 presens
1254 2092 1369 2129 carta
1385 2087 1606 2129 indentata
1624 2088 1864 2143 pervenerit
1877 2088 1906 2131 J
1909 2103 2121 2131 OHANNES

164 2178 393 2220 HERBERT
432 2177 537 2219 alias
587 2177 725 2219 dictus
776 2178 970 2220 RAGLAN
1021 2178 1206 2234 armiger
1256 2179 1438 2220 salutem
1487 2179 1533 2220 in
1577 2179 1750 2221 domiuo
1802 2180 2115 2235 sempiternam.

166 2269 385 2311 Noveritis
405 2284 472 2310 me
493 2268 709 2324 prefatum
729 2269 758 2311 J
761 2284 986 2311 OHANNEM
1008 2270 1233 2311 tradidisse
1254 2270 1463 2312 dimisisse
1495 2274 1536 2312 et
1566 2270 1645 2312 hac
1675 2271 1863 2326 presenti
1888 2276 2004 2313 carta
2024 2287 2119 2314 mea

167 2361 391 2402 indentata
412 2360 677 2401 confirmasse
702 2394 709 2401 .
734 2359 992 2402 WILLELMO
1015 2360 1208 2402 RAGLAN
1231 2360 1355 2402 fratri
1375 2376 1469 2403 meo
1501 2362 1723 2404 duodecim
1745 2377 1861 2404 acras
1879 2365 1990 2404 terre
2011 2363 2124 2418 prati

169 2454 211 2492 et
240 2454 410 2506 pasture
441 2465 536 2491 cum
568 2450 839 2505 pertinenciis
870 2450 985 2491 infra
1015 2450 1252 2492 dominium
1293 2452 1345 2493 de
1386 2450 1609 2493 LANTWIT
1650 2466 1730 2507 que
1770 2467 1907 2507 nuper
1945 2452 2121 2494 fuerunt

166 2541 385 2584 JOHANNE
417 2540 604 2582 CLERKE
636 2541 762 2583 unius
792 2541 976 2583 filiarum
1007 2546 1048 2583 et
1079 2542 1283 2584 heredum
1324 2544 1376 2584 de
1407 2542 1631 2586 Wumm
1673 2543 1859 2586 GLERKE
1899 2559 2036 2598 nuper
2066 2545 2120 2586 de

166 2632 388 2674 LANTWIT
419 2638 461 2674 et
491 2636 635 2687 postea
666 2634 843 2674 fuerunt
871 2633 900 2675 J
903 2648 1081 2675 AYKYNI
1115 2634 1308 2676 RAGLAN
1340 2635 1471 2690 patris
1501 2635 1585 2676 mei
1616 2639 1657 2677 et
1687 2634 1795 2676 mihi
1814 2636 2122 2678 descenderunt

167 2724 262 2779 jure
276 2724 530 2765 hereditario
543 2728 635 2778 post
649 2728 829 2766 mortem
842 2724 1034 2780 ejusdem
1048 2724 1077 2767 J
1080 2739 1251 2767 ANKYN.
1303 2725 1436 2768 Unde
1449 2729 1533 2767 tres
1550 2741 1642 2767 acre
1655 2730 1764 2768 terre
1778 2725 1952 2767 insimul
1976 2726 2121 2782 J‘acent

166 2815 212 2856 in
234 2829 319 2855 uno
343 2815 480 2856 clauso
511 2824 657 2856 vocato
690 2814 1071 2857 CLERKsswALLYs
1103 2817 1147 2857 in
1179 2820 1298 2871 parte
1329 2816 1489 2859 boreali
1515 2817 1581 2858 vie
1602 2820 1747 2858 vocate
1768 2817 2117 2859 MARCOSSEWEY.

169 2904 364 2951 Quatuor
385 2919 477 2946 acre
498 2908 608 2946 terre
629 2906 741 2960 prati
762 2910 805 2947 et
825 2912 995 2961 pasture
1017 2906 1192 2948 insimul
1222 2907 1366 2962 jacent
1396 2908 1442 2949 in
1473 2923 1558 2950 uno
1590 2907 1731 2949 cla-uso
1761 2907 1807 2949 in
1838 2907 2120 2950 HAMONDES-

168 3009 315 3037 LoNDE
335 2995 448 3036 inter
467 2999 638 3050 pra-tum
660 3000 856 3038 vocatum
878 2996 1272 3039 LAGHAINYSMORE
1294 2998 1340 3040 in
1361 3005 1483 3054 parte
1515 2997 1692 3040 australi
1724 3001 1765 3040 et
1797 3002 1953 3040 terram
1983 3013 2121 3054 nuper
