2362 3392
348 233 456 274 1976

342 439 615 495 Inspeximus
645 439 775 482 etiam
795 440 908 481 inter
936 440 1110 482 recorda
1129 439 1319 494 predicta
1349 439 1564 494 quoddam
1585 439 1704 481 aliud
1726 439 1945 482 decretum
1965 453 2040 494 per
2071 437 2232 480 dictum

284 531 582 573 cancellarium
621 536 663 573 et
705 531 922 587 generales
964 530 1243 586 supervisores
1282 530 1444 573 factum
1483 531 1529 572 in
1569 530 1646 573 hec
1685 529 1838 572 verba:
1877 533 1887 551 ‘
1905 528 2233 571 Memorandum

285 623 398 676 quod
419 621 601 663 termino
624 621 770 663 Sancti
791 621 1015 663 HILLARH
1037 621 1233 663 videlicet
1253 621 1415 663 decimo
1436 622 1504 663 die
1525 620 1751 663 Februarii
1772 635 1887 662 anno
1910 620 2034 675 regni
2057 619 2236 661 Domini

286 711 512 754 EDWARDI
544 712 653 754 sexti
683 711 768 754 Dei
798 712 938 768 gratia
962 711 1146 754 ANGLIE
1168 711 1374 753 FRANCIE
1395 714 1438 753 et
1459 711 1699 753 HIBERNIE
1722 711 1856 766 Regis
1877 710 1978 752 fidei
2003 709 2236 752 defensoris

287 807 329 844 et
349 803 395 844 in
421 806 533 844 terra
558 802 728 844 ecclesie
756 803 1028 844 ANGLICANE
1061 805 1104 844 et
1135 801 1398 844 HIBERNICE
1432 801 1617 857 supremi
1648 801 1796 856 capitis
1825 800 1962 856 primo
1995 800 2235 841 HEchus

285 908 422 935 comes
454 893 703 936 WIGORNIE
733 894 852 935 venit
881 893 927 935 in
958 893 1075 935 curia
1104 892 1508 949 augmentacionum
1538 897 1581 934 et
1609 891 1909 934 revencionum
1939 905 2088 933 corone
2117 890 2234 946 regie

284 987 327 1026 et
366 984 547 1039 protulit
586 984 745 1026 ibidem
787 985 1002 1039 quoddam
1042 985 1246 1039 scriptum
1286 983 1544 1038 subsequens
1582 986 1624 1025 et
1665 983 1787 1037 petiit
1828 982 1938 1024 illud
1979 981 2150 1023 allocari
2190 983 2234 1023 et

283 1075 501 1117 irrotulari
521 1075 590 1130 cuj
596 1090 645 1117 us
666 1075 839 1130 quidem
861 1075 1005 1130 scripti
1025 1079 1147 1117 tenor
1168 1074 1358 1129 sequitur
1378 1078 1420 1115 et
1440 1073 1690 1115 irrotulatur
1710 1073 1756 1114 in
1777 1072 1854 1114 hec
1874 1071 2002 1114 verba
2017 1071 2098 1113 :——-’

342 1169 351 1187 ⁴
370 1165 580 1208 Omnibus
615 1167 669 1207 ad
705 1181 809 1221 quos
846 1181 1017 1217 presens
1050 1166 1253 1221 scriptum
1286 1164 1524 1220 pervenerit
1553 1163 1583 1206 J
1586 1177 1797 1205 OHANNES
1827 1162 1957 1205 abbas
1988 1161 2235 1205 monasterii

283 1256 406 1299 beate
437 1256 597 1298 MARIE
634 1257 813 1312 virginis
844 1257 896 1299 de
928 1256 1135 1298 MARGAM
1169 1263 1211 1297 et
1248 1255 1441 1311 ejusdem
1471 1255 1550 1297 1001
1583 1258 1814 1296 conventus
1835 1268 1910 1309 pro
1941 1252 2052 1296 bono
2074 1252 2234 1295 auxilio

284 1348 457 1390 oonsilio
492 1352 534 1390 et
567 1348 867 1390 benevolencia
892 1347 1047 1390 nobilis
1067 1348 1148 1389 viri
1185 1347 1389 1388 HENmm
1421 1345 1587 1387 comitis
1608 1344 1859 1387 WIGORNIE
1881 1358 2023 1386 versus
2053 1357 2130 1385 nos
2159 1357 2235 1398 pro

283 1439 470 1481 utilitate
491 1445 635 1480 nostra
656 1444 698 1481 et
721 1439 966 1481 monasterii
986 1439 1119 1481 nostri
1140 1438 1319 1493 predicti
1340 1437 1464 1479 factis
1477 1436 1636 1478 habitis
1652 1435 1890 1491 impetratis
1903 1437 1946 1476 et
1958 1434 2233 1490 imposterum

282 1530 488 1572 habendis
519 1531 669 1572 fiendis
699 1533 742 1572 et
778 1530 1071 1585 perpetrandis
1100 1529 1264 1571 dedisse
1295 1531 1337 1570 et
1367 1527 1611 1570 concessisse
1641 1526 1807 1582 prefato
1847 1525 1990 1568 comiti
2020 1525 2233 1580 quoddam

284 1621 459 1663 feodum
491 1622 577 1662 sive
613 1620 842 1662 annualem
878 1620 1094 1662 redditum
1134 1620 1323 1674 quinque
1362 1632 1600 1660 marcarum
1642 1617 1943 1671 sterlingorum
1983 1614 2236 1657 exeuncium

283 1712 336 1753 de
372 1715 414 1754 et
448 1712 495 1754 in
531 1712 654 1753 terris
684 1715 727 1753 et
758 1711 1014 1753 tenementis
1044 1711 1196 1752 nostris
1226 1710 1271 1751 in
1303 1708 1574 1751 comitatibus
1605 1710 1894 1750 GLAMORGAN
1926 1710 1968 1748 et
1998 1706 2231 1748 MORGAN.

284 1802 530 1845 habendum
581 1803 857 1858 gaudendum
906 1805 948 1843 et
998 1801 1317 1857 percipiendum
1357 1800 1595 1855 predictum
1646 1798 1819 1840 feodum
1869 1797 1955 1839 sive
2005 1796 2234 1838 annualem

286 1894 501 1935 redditum
543 1894 710 1948 prefato
753 1893 899 1935 comiti
939 1894 1163 1934 annuatim
1205 1906 1280 1947 pro
1320 1891 1503 1933 termino
1543 1889 1629 1931 vite
1675 1904 1747 1931 sue
1788 1889 1842 1930 ad
1892 1888 2050 1929 festum
2090 1887 2236 1929 Sancti

286 1984 545 2026 MICHAEIAS
595 1984 841 2040 archangeli
892 1984 1154 2025 solvendum.
1237 1983 1297 2024 Et
1353 1982 1386 2023 si
1438 1982 1661 2036 contingat
1712 1980 1873 2021 dictum
1924 1979 2098 2020 feodum
2149 1978 2235 2020 sive

286 2076 515 2117 annualem
545 2075 761 2116 redditum
792 2090 816 2116 a
846 2078 958 2116 retro
990 2074 1080 2115 fore
1110 2077 1205 2128 post
1235 2073 1392 2114 festum
1423 2072 1662 2128 predictum
1693 2085 1777 2125 quo
1807 2069 1913 2112 solvi
1942 2069 2095 2112 debeat
2133 2072 2235 2111 tunc

285 2165 392 2208 bene
427 2165 570 2208 licebit
610 2165 777 2221 prefato
813 2165 956 2207 comiti
992 2170 1033 2206 et
1067 2164 1293 2220 assignatis
1328 2164 1414 2205 suis
1448 2164 1491 2204 in
1527 2162 1716 2218 predicta
1756 2164 1868 2202 terra
1907 2167 1950 2202 et
1984 2159 2238 2202 tenementis

285 2257 445 2298 intrare
467 2260 509 2298 et
531 2257 787 2311 distringere
808 2260 850 2297 et
872 2255 1157 2297 districciones
1176 2254 1336 2296 ibidem
1358 2258 1501 2308 captas
1520 2256 1734 2308 asportare
1755 2252 1946 2307 effugare
1967 2257 2010 2293 et
2030 2250 2236 2293 abducere

288 2350 329 2389 et
361 2363 430 2389 eas
460 2347 642 2389 retinere
675 2361 893 2402 quousque
923 2347 1036 2388 idem
1068 2361 1205 2387 comes
1236 2346 1288 2387 de
1310 2344 1509 2400 predictis
1529 2344 1654 2385 feodo
1675 2348 1717 2384 et
1738 2342 1961 2397 arreragiis
1980 2341 2170 2397 ejusdem
2203 2341 2238 2383 si

292 2453 387 2493 quae
409 2438 573 2479 fuerint
593 2438 782 2493 plenarie
804 2437 935 2479 fuerit
967 2437 1203 2479 satisfactus
1234 2440 1276 2478 et
1305 2436 1555 2491 persolutus.
1617 2433 1672 2475 In
1703 2433 1826 2488 eujus
1855 2433 1916 2474 rei
1948 2432 2238 2475 testimonium

293 2529 391 2571 huic
421 2529 608 2584 presenti
639 2529 792 2584 scripto
827 2529 1017 2584 sigillum
1048 2532 1237 2569 nostrum
1272 2542 1494 2569 commune
1526 2527 1612 2567 sive
1642 2524 1919 2567 conventuale
1953 2524 2236 2579 apposuimus.

349 2619 512 2661 Datum
536 2619 581 2661 111
604 2620 729 2661 domo
755 2621 899 2661 nostro
921 2618 1145 2674 capitulari
1167 2617 1363 2659 vicesimo
1393 2618 1543 2672 quarto
1574 2616 1642 2657 die
1672 2614 1780 2657 Maii
1811 2628 1923 2656 anno
1953 2613 2076 2669 regni
2107 2613 2240 2669 Regis

294 2711 499 2753 HENRICI
523 2711 658 2753 octavi
680 2711 842 2753 decimo
864 2714 1020 2752 octavo.
1088 2709 1225 2766 [A.D.
1251 2707 1398 2764 1526]

292 2828 2234 2844 .....................................

292 2919 2233 2936 .....................................
