2362 3392
278 191 390 232 1728

274 397 439 440 Datum
459 396 505 438 in
526 397 651 439 domo
671 398 816 438 nostra
836 395 1060 451 capitulari
1080 395 1325 437 monasterii
1345 395 1524 451 predicti
1544 395 1589 437 in
1610 396 1718 438 festo
1739 396 1885 438 Sancti
1905 396 2162 440 MICHAELIS

216 488 462 544 archangeli
482 502 594 530 anno
615 487 739 543 regni
759 486 894 541 Regis
914 484 1148 526 Rmffimm
1169 485 1289 526 tercii
1308 488 1404 540 post
1424 488 1700 541 conquestum
1721 487 1917 529 secundo.

275 578 459 634 Insuper
497 578 574 621 hec
612 578 842 620 indentura
881 577 1063 617 testatur
1102 576 1213 630 quod
1256 575 1291 616 si
1331 577 1553 632 contingat
1591 577 1802 632 predictos
1841 576 1871 620 J
1873 591 2083 620 OHANNES
2119 582 2162 622 et

218 670 432 712 Rmfflnn
462 669 695 725 predictam
726 667 952 723 grangiam
984 666 1164 708 vendere
1198 666 1486 722 impignorare
1519 683 1594 710 seu
1633 668 1776 724 aliquo
1808 669 1935 710 modo
1975 669 2160 712 alienare

215 760 283 802 vel
304 760 492 815 aliquam
512 772 734 815 personam
755 757 835 799 sibi
856 761 1070 812 acceptare
1097 757 1187 799 sine
1217 757 1394 799 licencia
1423 758 1633 800 dictorum
1663 758 1828 801 abbatis
1858 762 1900 801 et
1931 763 2163 803 conventus

214 854 257 893 et
278 866 423 893 eorum
445 848 747 892 successoribus
767 850 843 890 aut
864 848 1067 890 feloniam
1089 848 1350 890 committere
1380 851 1455 891 aut
1486 849 1708 892 dominum
1739 850 1985 892 disclamare
2006 854 2163 894 extunc

213 941 320 983 bene
342 941 466 982 liceat
487 939 610 982 dictis
631 938 776 981 abbati
798 941 839 980 et
861 939 1088 981 conventui
1109 941 1151 981 et
1172 953 1316 980 eorum
1342 939 1644 982 successoribus
1666 940 1711 982 in
1733 941 1846 983 dicta
1866 941 2046 997 grangie
2070 941 2158 997 (sic)

214 1047 310 1075 cum
332 1031 528 1074 omnibus
548 1030 816 1086 pertinentiis
837 1029 922 1071 suis
942 1030 1147 1072 reintrare
1168 1033 1210 1072 et
1231 1030 1400 1085 pacifice
1421 1031 1603 1073 retinere
1633 1030 1709 1074 hec
1745 1033 1832 1086 (sie)
1857 1032 2087 1075 indentura
2116 1032 2163 1075 in

213 1123 355 1179 aliquo
378 1138 462 1165 non
484 1121 688 1165 obstante.

271 1213 363 1256 The
403 1213 560 1266 Abbey
600 1212 687 1254 seal
727 1212 774 1254 in
815 1212 921 1254 dark
962 1226 1092 1268 green
1133 1227 1240 1264 waX,
1291 1212 1526 1265 indistinct,
1577 1227 1622 1254 as
1673 1212 1890 1255 described
1931 1214 1975 1256 in
2017 1214 2162 1267 Birch,

217 1306 348 1349 Oatal.
372 1308 422 1353 of
435 1305 562 1356 δραίε,
583 1303 667 1347 No.
692 1304 833 1355 3‚608.

270 1397 565 1438 Endorsed—‘
579 1395 623 1438 A
643 1395 754 1437 lease
775 1394 821 1436 of
841 1394 1155 1437 Havodhaloke
1176 1396 1262 1436 and
1283 1395 1355 1436 the
1377 1395 1516 1436 tithe'

270 1488 362 1531 The
384 1502 599 1543 grammar
620 1486 665 1529 of
684 1485 771 1528 this
791 1486 1020 1528 document
1039 1485 1075 1527 is
1096 1486 1335 1528 sometimes
1356 1486 1511 1541 faulty.

1025 1702 1348 1746 MCCXLVII.

214 1812 387 1856 DEED
428 1811 507 1854 OF
547 1809 901 1854 EXGHANGE
943 1809 1259 1852 BETWEEN
1305 1809 1436 1852 THE
1477 1809 1726 1852 ABBEYS
1768 1810 1846 1852 OF
1887 1810 2164 1853 MARGAM

357 1904 492 1946 AND
539 1901 998 1953 TEWKESBURY,
1041 1900 1171 1943 THE
1215 1900 1477 1944 FORMER
1520 1900 1796 1944 LEASING
1838 1901 2047 1944 LANDS
2093 1901 2165 1945 IN

359 1993 749 2045 SALTMERSH,
805 1991 1204 2044 HOSBRUGGE,
1263 1991 1409 2044 ETO.,
1451 1991 1573 2034 FOR
1610 1992 1904 2036 SEVENTY
1946 1993 2165 2046 YEARS,

359 2086 490 2129 THE
534 2084 795 2135 LATTER,
832 2083 1042 2126 LANDS
1084 2083 1155 2126 IN
1197 2083 1582 2127 NEWCASTLE
1623 2084 1758 2127 AND
1801 2084 2166 2138 KENEFEKE,

360 2177 484 2221 FOR
525 2176 655 2219 THE
698 2175 866 2219 SAME
909 2175 1098 2217 TERM.

934 2282 1164 2339 [MARGAM
1197 2282 1453 2339 CHARTER]
1710 2285 1765 2325 27
1797 2283 1918 2326 MAY.
1984 2285 2108 2326 1486.

276 2394 373 2437 Hec
393 2394 622 2436 indentura
642 2392 756 2434 facta
776 2392 888 2433 inter
909 2389 1209 2433 WILLELMUM
1236 2390 1508 2445 permissione
1536 2391 1683 2433 divina
1703 2390 1900 2434 abbatem
1924 2391 2169 2434 monasterii

220 2486 272 2528 B.
301 2485 362 2527 M.
393 2485 446 2526 de
476 2483 678 2525 MORGAN
710 2483 756 2525 in
784 2482 990 2524 comitatu
1019 2480 1379 2523 GLAMORGANCIE
1409 2484 1451 2524 et
1483 2481 1758 2524 MORGANCIE
1792 2485 1834 2524 et
1865 2481 2057 2538 ejusdem
2090 2482 2171 2525 loci

222 2579 478 2620 conventum
499 2590 551 2617 ex
571 2589 658 2617 una
677 2576 798 2630 parte
818 2576 861 2615 et
882 2573 1126 2615 RICARDUM
1148 2573 1296 2614 eadem
1316 2573 1590 2628 permissione
1605 2573 1689 2615 div.
1714 2572 1809 2615 abb.
1827 2587 1942 2615 mon.
1965 2572 2017 2615 B.
2037 2573 2098 2615 M.
2117 2575 2171 2617 de

224 2668 531 2710 TEUKESBURY
558 2666 605 2708 in
636 2665 840 2708 comitatu
868 2663 1178 2707 GLOUCESTRIE
1206 2667 1249 2706 et
1278 2663 1333 2720 ej.
1366 2665 1419 2706 lo.
1450 2678 1571 2706 conv,
1602 2679 1654 2705 ex
1683 2663 1816 2705 altera
1842 2665 1963 2718 parte
1991 2665 2173 2706 testatur

223 2759 337 2814 quod
369 2757 546 2813 predicti
579 2755 709 2799 abbas
743 2759 785 2798 et
821 2758 1052 2798 conventus
1086 2754 1331 2797 monasterii
1366 2755 1418 2797 B.
1457 2754 1520 2796 M.
1558 2754 1610 2796 de
1642 2753 1843 2795 MORGAN
1880 2757 2174 2798 concesserunt

225 2848 496 2891 tradiderunt
531 2850 573 2890 et
608 2847 663 2889 ad
697 2846 864 2889 firmam
898 2846 1151 2889 dimiserunt
1190 2845 1390 2901 predictis
1424 2860 1461 2887 a.
1499 2848 1541 2887 et
1577 2860 1610 2887 c.
1647 2845 1893 2888 monasterii
1933 2845 1987 2888 B.
2021 2845 2084 2888 M.
2122 2846 2176 2889 de

228 2940 535 2984 TEUKESBURY
568 2941 611 2980 et
642 2936 945 2980 successoribus
977 2937 1062 2979 suis
1090 2937 1233 2979 omnia
1259 2936 1335 2978 illa
1364 2939 1497 2978 terras
1524 2938 1566 2978 et
1593 2938 1836 2979 tenementa
1863 2938 1986 2992 prata
2020 2951 2178 2993 pascua
