2912 4368
2272 627 2380 668 1635

1346 929 1598 972 MOXGVI.

501 1038 876 1085 QUIT-OLAIM
904 1039 990 1081 BY
1021 1037 1310 1081 WILLIAM
1341 1037 1474 1079 AND
1506 1037 1534 1079 J
1539 1036 1674 1079 OHN
1705 1036 2086 1080 STRADLYNG
2117 1037 2193 1080 TO
2215 1038 2444 1081 HENRY

642 1128 1026 1172 STRADLYNG
1081 1128 1159 1171 OF
1206 1128 1409 1171 RIGHT
1454 1127 1529 1169 ΤΟ
1571 1127 1701 1169 THE
1742 1127 1968 1170 MANOR
2009 1128 2087 1169 OF
2127 1128 2444 1172 MERTHYR

643 1219 855 1262 MAWR.

1352 1325 1425 1381 [G.
1444 1324 1495 1367 Gr.
1513 1325 1582 1378 R]
1645 1326 1671 1366 2
1691 1325 1828 1367 JUNE.
1893 1326 1946 1366 32
1970 1325 2092 1367 HEN.
2116 1325 2198 1369 VI.
2264 1327 2386 1368 1454.

556 1432 774 1474 Noveritis
804 1433 989 1474 universi
1020 1449 1094 1488 per
1130 1437 1343 1488 presentes
1378 1448 1454 1474 nos
1486 1432 1769 1474 WILLELMUS
1806 1431 2076 1474 STRADLYNG
2112 1434 2370 1489 armigerum
2407 1437 2449 1476 et

500 1523 757 1565 JOHANNEM
795 1523 1064 1565 STRADLYNG
1100 1524 1307 1565 remisisse
1342 1524 1549 1565 relaxasse
1591 1526 1633 1565 et
1672 1538 1747 1578 pro
1788 1523 1909 1565 nobis
1949 1526 1991 1565 et
2031 1524 2255 1565 heredibus
2295 1524 2449 1567 nostris

501 1613 813 1668 imperpetuum
855 1614 1047 1668 quietum
1088 1614 1286 1655 clamasse
1329 1613 1541 1655 HENfflco
1582 1613 1852 1655 STRADLYNG
1893 1614 2102 1669 armigero
2144 1613 2367 1655 heredibus
2408 1617 2449 1656 et

502 1705 728 1759 assignatis
750 1705 834 1745 suis
859 1708 996 1745 totum
1027 1705 1097 1759 jus
1128 1708 1319 1746 nostrum
1353 1705 1526 1746 titulum
1558 1708 1599 1745 et
1632 1705 1839 1746 clameum
1873 1720 1954 1759 que
1988 1704 2215 1746 habuimus
2248 1705 2451 1747 habemus

500 1810 573 1836 seu
592 1794 746 1836 habere
768 1795 998 1849 poterimus
1019 1796 1069 1836 de
1092 1798 1134 1836 et
1154 1795 1198 1835 111
1220 1795 1407 1836 manerio
1428 1796 1479 1836 de
1502 1795 1895 1836 MERTHELMAURE
1918 1810 2013 1837 cum
2035 1796 2317 1850 pertinenciis.
2380 1796 2451 1837 Ita

501 1886 613 1940 quod
640 1900 715 1926 1160
741 1900 816 1926 nos
847 1885 1003 1939 prefati
1036 1884 1320 1927 WILLELMUS
1351 1890 1392 1926 et
1423 1885 1451 1927 J
1455 1900 1662 1926 OHANNES
1694 1901 1769 1927 nec
1799 1886 1905 1927 alter
1939 1890 2131 1928 nostrum
2166 1902 2243 1928 nec
2276 1887 2451 1929 heredes

500 1976 632 2018 nostri
654 1976 825 2030 aliquod
846 1975 916 2031 jus
937 1976 1112 2017 titulum
1134 1991 1206 2017 seu
1232 1976 1430 2017 clamium
1456 1976 1501 2017 in
1530 1976 1716 2031 predicto
1748 1977 1936 2018 manerio
1966 1992 2061 2019 cum
2082 1978 2354 2033 pertinenciis
2375 1980 2446 2019 de·

501 2071 635 2109 cetero
659 2068 827 2122 exigere
848 2068 1027 2108 clamare
1063 2082 1135 2108 seu
1168 2068 1389 2109 vendicare
1425 2068 1655 2122 poterimus
1686 2072 1748 2109 set
1780 2068 1832 2109 ab
1858 2069 1973 2110 0111111
2004 2068 2170 2110 accione
2199 2069 2294 2123 jure
2324 2070 2450 2112 titulo

498 2161 540 2200 et
562 2159 720 2200 clameo
742 2159 841 2199 inde
868 2158 998 2199 simus
1028 2159 1185 2200 exclusi
1217 2159 1530 2213 imperpetuum
1561 2174 1634 2213 per
1665 2164 1889 2214 presentes.
1952 2159 2012 2201 Et
2045 2176 2121 2202 nos
2159 2176 2256 2202 vero
2292 2161 2450 2216 prefati

499 2248 785 2291 WILLELMUs
807 2253 849 2290 et
869 2249 897 2291 J
902 2264 1110 2290 oHANNEs
1132 2253 1173 2290 et
1194 2249 1366 2290 heredes
1388 2250 1520 2290 nostri
1541 2250 1777 2304 predictum
1798 2253 2035 2292 manerium
2057 2266 2152 2292 cum
2178 2252 2449 2306 pertinenciis

497 2340 662 2395 prefato
684 2340 898 2381 HENRICO
919 2339 1144 2381 heredibus
1164 2344 1205 2381 et
1227 2341 1451 2395 assignatis
1473 2341 1557 2382 suis
1578 2345 1722 2382 contra
1744 2356 1887 2383 omnes
1909 2346 2057 2397 gentes
2080 2341 2448 2385 warantizabimus

496 2435 539 2473 et
571 2431 847 2473 defendemus
879 2431 1205 2486 imperpetuum.
1269 2430 1322 2472 In
1357 2431 1478 2486 cujus
1513 2432 1573 2472 rei
1613 2432 1903 2473 testimonium
1938 2432 2036 2474 huic
2071 2433 2255 2488 presenti
2292 2433 2446 2488 scripto

494 2526 637 2564 nostro
673 2522 813 2578 sigilla
849 2525 991 2563 nostra
1024 2523 1307 2577 apposuimus.
1371 2522 1472 2563 Hiis
1504 2523 1681 2565 testibus
1714 2557 1721 2564 .
1749 2523 2006 2566 WILLELMO
2029 2524 2255 2566 HERBERT
2276 2525 2411 2567 milite
2433 2556 2445 2569 .

497 2612 685 2654 Roemo
706 2613 942 2655 VAUGHAN
974 2646 981 2653 .
1015 2613 1233 2655 JOHANNE
1262 2613 1552 2654 FFLEMMYNG
1584 2647 1591 2654 .
1624 2614 1834 2655 Ronssmro
1867 2614 2058 2657 RAGLAN
2094 2649 2101 2656 .
2139 2615 2358 2657 JOHANNE
2390 2631 2444 2671 ap

496 2703 654 2745 GRONo
676 2719 729 2758 ap
751 2703 898 2745 Inoni<
922 2738 928 2744 .
954 2707 996 2745 et
1017 2704 1122 2745 aliis.

550 2794 652 2836 Dat'
690 2796 804 2850 apud
837 2795 1229 2836 MERTHELMAURE
1260 2795 1493 2849 predictam
1527 2797 1709 2837 secundo
1743 2797 1811 2837 die
1847 2796 1875 2838 J
1879 2796 1970 2838 unii
2002 2811 2114 2838 anno
2154 2797 2276 2852 regni
2310 2798 2442 2853 Regis

492 2885 698 2927 ΗΕΝΗΙΟΙ
721 2886 828 2927 sexti
849 2890 942 2940 post
965 2889 1239 2940 conquestum
1262 2886 1445 2927 ANGLIE
1468 2887 1676 2928 tricesimo
1698 2889 1892 2929 secundo.

550 2976 652 3018 Two
685 2977 790 3018 seals
820 2978 865 3018 111
896 2978 967 3019 red
1001 2993 1107 3028 wax,
1130 2992 1184 3019 on
1217 2993 1295 3019 one
1327 2978 1449 3020 label.
1515 2978 1606 3021 The
1642 2995 1775 3034 upper
1809 2979 1928 3021 bears
1963 2995 1988 3021 a
2023 2980 2128 3021 rude
2163 2980 2330 3031 trefoi13
2368 2979 2441 3022 the

492 3068 620 3109 lower
642 3082 666 3108 a
686 3068 827 3109 bunch
849 3067 894 3110 of
915 3083 1078 3124 grapes.
1142 3067 1271 3110 From
1302 3069 1590 3125 finger-rings.

551 3160 1086 3202 Endorsed—‘Relaxatio
1148 3160 1359 3204 Willelmi
1418 3164 1460 3203 et
1514 3161 1543 3204 J
1550 3161 1728 3203 ohannis
1783 3161 2021 3217 Stradlyng
2075 3162 2189 3204 facta
2250 3161 2440 3203 Henrico

495 3250 733 3307 Stradlyng
754 3253 806 3293 de
828 3251 1017 3293 manerio
1038 3252 1090 3293 de
1112 3251 1478 3293 Merthermaure.'
