2362 3392
1971 220 2082 261 1637

196 428 380 484 presenti
410 429 565 484 scripto
595 427 739 484 sigilla
758 431 903 469 nostra
933 427 1218 483 apposuimus.
1279 426 1383 468 Hiis
1412 425 1591 468 testibus
1623 458 1632 467 .
1665 425 1853 468 Domino
1884 425 2142 469 WILLELMO

197 518 425 561 HERBERT
445 518 583 561 milite
604 521 706 561 tunc
721 518 964 561 vicecomite
986 517 1346 560 GLAMORGANCIE
1363 521 1406 560 et
1423 517 1697 559 MORGANOIE
1717 551 1724 559 .
1744 516 1931 559 ROGERO
1947 515 2143 560 VAZHAN

198 612 440 652 coronatore
472 609 868 652 GLAMMORGANCIE
910 613 952 652 et
992 609 1267 651 MORGANCIE
1300 642 1309 651 .
1341 608 1560 651 JOHANNE
1591 607 1739 650 KEWE
1771 608 1824 649 de
1855 607 2100 650 COKBRYGE
2134 640 2142 649 .

196 700 226 743 J
228 714 417 743 OHANNE
440 700 616 744 WYLLY
637 701 690 742 de
711 700 983 744 WESTREWE
1010 734 1016 742 .
1041 715 1137 742 cum
1157 700 1186 742 J
1189 714 1376 741 OHANNE
1400 699 1589 741 FABYAN
1614 733 1622 741 .
1646 701 1689 741 et
1708 698 1855 740 multis
1873 698 1980 740 aliis.

259 791 425 834 Datum
453 793 569 848 apud
599 791 908 834 DYNASPOWES
943 825 951 833 .
984 792 1135 847 quinto
1166 791 1234 832 die
1264 790 1421 832 mensis
1451 789 1644 832 Octobris
1677 824 1685 832 .
1718 804 1830 832 anno
1860 788 1983 845 regni
2014 788 2148 844 Regis

199 883 405 925 HENmm
427 883 537 925 sexti
557 886 652 939 post
673 886 949 938 conquestum
970 883 1153 925 ANGLIE
1175 882 1384 924 tricesimo
1405 884 1568 937 quarto.

1027 1452 1336 1498 MOXGVHI.

204 1560 583 1609 QUIT-OLAIM
627 1560 710 1603 BY
751 1560 955 1612 ALIOE,
998 1561 1233 1605 WIDOW
1275 1562 1353 1603 OF
1393 1561 1650 1604 THOMAS
1693 1561 2033 1613 ORIKLADE,
2077 1560 2153 1603 TO

349 1651 451 1695 SIR
507 1651 802 1696 WILLIAM
862 1651 1180 1704 HERBERT,
1232 1652 1392 1704 KNT„
1445 1652 1522 1695 OF
1574 1653 1704 1695 THE
1754 1651 2013 1695 MANORS
2075 1652 2154 1694 OF

350 1742 708 1786 LANDOUGH
745 1742 880 1785 AND
922 1742 1002 1785 ST.
1046 1743 1534 1795 MARY-GHUROH‚
1569 1743 1703 1787 AND
1740 1743 1871 1786 THE
1906 1742 2153 1786 MOIETY

349 1834 427 1877 OF
468 1833 598 1876 THE
640 1833 868 1876 MANOR
919 1833 996 1876 OF
1050 1833 1220 1876 WEST
1271 1834 1587 1877 OROHARD.

919 1940 1150 1997 [MARGAM
1182 1941 1439 1998 CHARTER]

1318 2049 1373 2090 25
1405 2049 1514 2091 FER.
1577 2050 1633 2091 34
1663 2049 1789 2091 ΗΕΝ.
1822 2049 1904 2092 VI.
1970 2050 2094 2091 1456.

261 2157 474 2200 Noverint
493 2157 680 2199 universi
700 2171 776 2212 per
795 2159 1009 2212 presentes
1037 2171 1104 2198 me
1133 2155 1336 2198 ALICIAM
1367 2171 1448 2211 que
1479 2157 1544 2198 fui
1575 2171 1681 2199 uxor
1712 2156 1881 2199 THoMA
1912 2156 2151 2199 CRIKLADE

201 2248 560 2304 consanguineam
575 2250 617 2288 et
633 2247 832 2289 heredem
849 2246 1055 2289 ROBmm
1071 2247 1110 2288 16
1128 2246 1333 2290 WALSHE
1352 2247 1551 2303 armigeri
1567 2247 1764 2290 videlicet
1779 2248 1913 2290 filiam
1931 2247 1960 2290 J
1962 2262 2150 2289 OHANNE

203 2355 284 2395 que
305 2339 391 2380 fuit
410 2353 518 2380 uxor
538 2338 567 2380 J
570 2352 770 2379 OHANNIS
791 2337 994 2380 STODLEY
1015 2337 1101 2379 filie
1126 2337 1327 2379 Romaim
1348 2338 1388 2380 le
1404 2338 1611 2382 WALSHE
1634 2338 1808 2381 senioris
1824 2338 1957 2394 patris
1972 2338 2152 2394 predicti

202 2430 405 2472 Romam
437 2429 477 2470 16
508 2428 714 2472 WALSHE
745 2428 895 2470 militis
924 2428 1106 2484 junioris
1135 2429 1268 2484 patris
1295 2429 1474 2485 predicti
1496 2429 1700 2471 Rossmm
1723 2429 1763 2472 le
1785 2429 1991 2473 WALsHE
2022 2429 2149 2471 armi-

201 2521 293 2577 geri
322 2519 529 2562 remisisse
559 2519 768 2560 relaxasse
799 2521 842 2560 et
872 2519 1044 2561 omnino
1077 2534 1152 2574 pro
1182 2534 1249 2561 me
1281 2523 1322 2562 et
1351 2519 1577 2562 heredibus
1607 2519 1712 2562 meis
1733 2519 1927 2574 quietum
1949 2519 2149 2561 clamasse

200 2610 457 2654 WILLELMO
478 2609 705 2651 HERBERT
726 2608 854 2650 militi
876 2608 1099 2651 heredibus
1120 2612 1162 2651 et
1183 2610 1409 2666 assignatis
1439 2610 1525 2653 suis
1554 2612 1694 2652 totum
1713 2609 1785 2665 jus
1808 2624 1952 2651 meum
1972 2609 2148 2652 titulum

203 2705 246 2744 et
278 2702 486 2743 clameum
521 2715 602 2754 que
638 2698 772 2741 habeo
811 2698 942 2741 habui
982 2714 1055 2741 seu
1090 2701 1367 2756 quovismodo
1408 2701 1454 2743 in
1493 2700 1690 2743 futurum
1723 2699 1878 2742 habere
1918 2702 2064 2755 potero
2104 2700 2149 2742 in

201 2792 400 2835 maneriis
415 2792 468 2833 de
488 2790 732 2832 LANDOGH'
755 2798 797 2832 et
813 2790 953 2832 samer
969 2791 1344 2834 MARIECHURCHE
1366 2808 1414 2835 ac
1433 2793 1478 2834 in
1494 2792 1723 2834 medietate
1738 2790 1917 2833 manerii
1938 2791 1990 2832 de
2012 2789 2149 2833 WEs'r

202 2882 423 2926 ORGHARD
454 2881 581 2923 simul
613 2896 709 2923 cum
739 2880 936 2923 omnibus
967 2882 1061 2923 aliis
1090 2883 1213 2925 terris
1243 2886 1286 2925 et
1324 2883 1579 2926 tenementis
1608 2882 1740 2938 pratis
1770 2881 1934 2938 pascuis
1963 2882 2147 2937 pasturis

204 2973 338 3016 boscis
359 2976 402 3014 et
422 2972 551 3014 vastis
570 2971 808 3014 redditibus
827 2972 1135 3016 reversionibus
1156 2977 1198 3016 et
1218 2975 1403 3017 serviciis
1431 2989 1519 3016 una
1548 2989 1645 3016 cum
1676 2972 1954 3015 advocacione
1985 2972 2148 3015 ecclesi-
