2362 3392
1911 257 2021 298 1969

127 467 271 507 torum
297 463 584 506 maneriorum
613 463 926 518 mesuagiorum
958 463 1237 519 grangiarum
1265 462 1607 505 molendinorum
1627 466 1835 505 terrarum
1859 466 2078 505 tenemen-

124 560 266 598 torum
286 557 329 597 et
349 557 584 597 ceterorum
605 553 797 595 omnium
817 556 860 595 et
890 553 1159 609 singulorum
1186 554 1485 608 premissorum
1506 553 1698 609 superius
1718 568 2011 609 expressorum
2031 555 2074 595 et

122 645 456 701 specificatorum
496 658 592 686 cum
632 643 904 699 pertinenciis
944 658 969 685 a
1008 643 1117 686 festo
1153 643 1497 686 annunciationis
1531 643 1653 686 beate
1693 643 1852 685 MARIE
1893 643 2074 699 virginis

127 736 280 779 ultimo
300 735 503 791 preterito
524 735 740 790 hucusque
760 735 1057 790 proveniencia
1078 735 1165 777 sive
1186 736 1430 778 crescencia.

185 825 452 869 Habendum
473 825 611 867 eidem
628 825 771 867 Rmsso
794 825 1072 867 MAUNXELL'
1087 840 1140 867 ex
1160 826 1272 868 dono
1292 828 1435 868 nostro
1456 825 1614 881 absque
1629 829 1822 881 compoto
1839 840 1913 867 seu
1933 824 2076 880 aliquo

125 918 209 960 alio
239 918 418 973 proinde
447 916 568 959 nobis
609 915 833 958 heredibus
867 916 933 958 vel
970 915 1273 958 successoribus
1303 916 1458 958 nostris
1493 931 1662 972 quoquo
1699 918 1824 959 modo
1854 917 2070 958 reddendo

128 1008 327 1051 solvendo
348 1007 416 1050 vel
438 1007 646 1049 faciendo.

187 1099 247 1141 Et
266 1099 439 1153 insuper
460 1099 513 1140 de
534 1098 730 1153 ampliori
752 1097 894 1153 gracia
922 1102 1066 1139 nostra
1087 1098 1282 1140 volumus
1303 1113 1350 1139 ac
1371 1113 1446 1152 pro
1467 1098 1589 1140 nobis
1608 1098 1835 1141 heredibus
1855 1102 1898 1140 et
1919 1113 2076 1140 succes-

127 1189 288 1233 soribus
309 1189 463 1231 nostris
484 1203 558 1243 per
578 1191 793 1244 presentes
824 1188 1092 1230 concedimus
1125 1188 1291 1244 prefato
1313 1188 1456 1231 Rlcno
1484 1189 1761 1231 MAUNXELL'
1783 1188 2009 1231 heredibus
2029 1192 2072 1231 et

127 1280 354 1336 assignatis
372 1279 458 1321 suis
473 1280 586 1334 quod
607 1293 684 1320 nos
700 1278 875 1320 heredes
896 1282 938 1321 et
960 1294 1210 1321 successores
1230 1280 1363 1322 nostri
1389 1280 1703 1336 imperpetuum
1723 1281 1949 1322 annuatim
1965 1283 2008 1321 et
2023 1280 2075 1322 de

123 1376 312 1426 tempore
332 1370 378 1412 in
400 1373 568 1425 tempus
589 1368 911 1411 exonerabimus
936 1370 1269 1425 acquietabimus
1290 1374 1332 1412 et
1351 1371 1602 1427 indempnes
1623 1371 1962 1413 conservabimus
1981 1374 2072 1413 tam

126 1462 364 1516 predictum
386 1460 571 1502 RicEUM
598 1459 874 1501 MAUNXELL'
897 1460 1071 1502 heredes
1092 1464 1135 1502 et
1155 1461 1390 1516 assignatos
1411 1477 1505 1504 suos
1527 1477 1654 1517 quam
1677 1462 1865 1517 predicta
1886 1461 2075 1503 maneria

131 1552 348 1607 mesuagia
377 1551 580 1606 grangias
607 1550 852 1592 molendina
879 1554 1011 1592 terras
1039 1555 1283 1594 tenementa
1314 1557 1356 1594 et
1387 1556 1523 1594 cetera
1551 1553 1754 1608 premissa
1775 1557 1817 1594 et
1843 1551 2078 1608 quamlibet

124 1644 224 1685 inde
260 1642 486 1698 parcellam
517 1656 660 1683 versus
690 1656 767 1683 nos
794 1641 968 1683 heredes
999 1646 1041 1684 et
1070 1657 1322 1685 successores
1352 1648 1517 1685 nostros
1545 1648 1587 1685 et
1615 1659 1756 1686 versus
1789 1658 2074 1699 quascumque

124 1734 228 1775 alias
249 1748 447 1789 personas
467 1734 519 1774 de
548 1732 744 1775 omnibus
769 1738 811 1774 et
841 1733 1097 1775 omnimodis
1125 1734 1324 1776 corrodiis
1350 1734 1588 1777 redditibus
1613 1735 1748 1777 feodis
1776 1735 2072 1778 annuitatibus

125 1825 322 1867 oneribus
352 1828 394 1866 et
429 1824 701 1866 denariorum
735 1824 910 1866 summis
946 1823 1281 1879 quibuscumque
1317 1825 1369 1866 de
1404 1825 1616 1880 premissis
1645 1841 1719 1868 seu
1755 1841 1900 1868 eorum
1933 1826 2074 1880 aliquo

122 1915 375 1958 exeuntibus
408 1931 481 1957 seu
513 1915 725 1957 solvendis
761 1916 827 1957 vel
864 1916 1090 1970 superinde
1125 1916 1310 1958 oneratis
1342 1931 1415 1958 seu
1456 1917 1682 1959 onerandis
1720 1922 1990 1972 preterquam
2024 1919 2077 1959 de

125 2007 296 2048 servicio
329 2011 372 2048 et
404 2005 641 2048 redditibus
677 2006 870 2060 superius
910 2021 985 2061 per
1024 2010 1238 2061 presentes
1270 2007 1390 2048 nobis
1425 2007 1649 2049 heredibus
1686 2011 1728 2049 et
1774 2008 2076 2050 successoribus

125 2097 279 2138 nostris
299 2100 348 2138 ut
373 2096 584 2152 prefertur
608 2096 841 2147 reservatis,
864 2111 911 2139 ac
940 2103 1212 2152 preterquam
1239 2098 1292 2139 de
1319 2098 1635 2141 dimissionibus
1663 2103 1706 2140 et
1737 2100 2072 2141 concessionibus

127 2203 203 2243 pro
231 2188 414 2230 termino
440 2188 525 2229 vite
550 2188 616 2229 vel
642 2202 851 2229 annorum
884 2189 936 2230 de
970 2189 1182 2243 premissis
1205 2204 1279 2230 seu
1310 2190 1361 2230 de
1389 2189 1532 2244 aliqua
1559 2190 1659 2232 inde
1686 2191 1869 2245 parcella
1905 2206 2073 2246 quoquo

128 2279 253 2320 modo
282 2278 403 2320 iactis
424 2292 548 2332 super
569 2277 722 2332 quibus
744 2278 915 2333 antiqus
935 2282 1025 2332 (sie)
1050 2280 1243 2321 redditus
1266 2280 1329 2321 vel
1350 2280 1447 2335 plus
1466 2285 1716 2333 reservatur,
1739 2296 1786 2323 ac
1806 2286 2077 2336 preterquam

126 2371 177 2410 de
210 2368 495 2423 quadraginta
520 2368 662 2410 solidis
690 2369 915 2411 annuatim
942 2384 1018 2424 pro
1039 2369 1163 2411 feodo
1191 2370 1338 2411 ballivi
1366 2374 1408 2412 et
1434 2372 1665 2413 collectoris
1695 2373 1940 2414 reddituum
1969 2373 2071 2415 dicti

123 2459 302 2501 manerii
325 2460 377 2501 de
400 2458 609 2500 HAWODE
632 2473 659 2500 Y
681 2458 866 2501 PORTHE
900 2492 908 2501 .
942 2459 1002 2501 Et
1022 2463 1291 2515 preterquam
1318 2461 1371 2502 de
1399 2462 1623 2518 sexaginta
1650 2477 1721 2504 sex
1751 2463 1894 2505 solidis
1914 2475 1957 2504 et
1978 2468 2069 2505 octo

129 2551 312 2593 denariis
335 2550 558 2592 annuatim
579 2550 790 2592 solvendis
818 2565 892 2605 pro
921 2551 1046 2593 feodo
1068 2552 1285 2593 senescalli
1309 2551 1502 2607 ejusdem
1522 2554 1715 2607 manerii,
1738 2569 1785 2596 ac
1804 2559 2075 2610 preterquam

128 2643 179 2684 de
218 2642 371 2698 viginti
408 2655 481 2682 sex
521 2640 664 2682 solidis
699 2645 741 2682 et
782 2645 874 2683 octo
911 2642 1096 2684 denariis
1130 2643 1354 2685 annuatim
1389 2658 1464 2699 pro
1496 2644 1621 2687 feodo
1654 2645 1791 2687 clerici
1824 2646 1937 2688 curie
1969 2647 2073 2688 dicti

126 2733 305 2777 manerii
333 2733 385 2774 de
416 2731 654 2773 HAWOODE
688 2746 715 2772 Y
756 2732 942 2773 PORTHE
976 2766 984 2774 .
1016 2732 1077 2775 Et
1103 2736 1373 2788 preterquam
1396 2735 1449 2776 de
1479 2734 1616 2777 tribus
1647 2737 1791 2779 solidis
1818 2742 1860 2779 et
1890 2742 2072 2793 quatuor

122 2824 307 2867 denariis
331 2822 555 2865 annuatim
576 2836 650 2877 pro
671 2822 796 2864 feodo
825 2821 971 2864 ballivi
998 2823 1177 2865 manerii
1197 2825 1251 2865 de
1279 2823 1526 2867 KENFIGGE
1555 2826 1745 2881 predicta
1777 2862 1785 2870 .
1818 2828 1879 2871 Et
1908 2835 2067 2884 preter-

123 2930 251 2972 quam
274 2915 327 2956 de
348 2913 483 2955 tribus
504 2912 648 2955 solidis
668 2916 711 2955 et
731 2917 913 2968 quatuor
933 2914 1117 2956 denariis
1138 2915 1361 2957 annuatim
1381 2931 1456 2971 pro
1476 2916 1601 2959 feodo
1622 2918 1852 2962 collectoris
1873 2922 2064 2965 redditus

116 3006 225 3049 vdicti
247 3004 427 3047 manerii
448 3004 499 3046 de
528 3003 840 3046 TETHEGISTOO
873 3038 880 3046 .
913 3004 980 3046 Ac
1007 3008 1277 3060 preterquam
1298 3006 1350 3047 de
1377 3006 1624 3062 hujusmodi
1654 3009 1863 3062 oneribus,
1885 3026 2065 3055 conven-

331 3144 433 3179 lOW
