2362 3392
1939 274 2051 316 2079

162 482 244 524 mei
266 481 409 524 omnia
428 484 472 524 et
491 481 661 538 singula
681 481 882 537 premissa
902 495 999 523 cum
1020 479 1216 522 omnibus
1242 482 1285 522 et
1314 479 1495 536 singulis
1522 495 1668 522 eorum
1702 480 1869 536 juribus
1901 484 1943 523 et
1975 481 2104 537 perti-

164 572 324 615 nenciis
350 572 516 629 prefato
542 571 572 615 J
576 586 698 614 EUAN
723 587 777 627 ap
805 571 1049 614 Gssnpmm
1078 570 1304 614 heredibus
1336 577 1379 613 et
1408 570 1664 627 assingnatis
1694 572 1779 614 suis
1799 575 1943 615 contra
1964 586 2109 614 omnes

162 666 311 720 gentes
330 662 700 705 warantizabimus
729 664 772 705 et
801 662 1115 719 imperpetuum
1145 661 1422 704 defendemus
1443 676 1517 717 per
1536 664 1750 717 presentes
1781 696 1790 705 .
1823 662 1879 704 In
1899 662 2017 718 cujus
2046 662 2106 705 rei

165 753 456 797 testimonium
476 753 575 796 huic
590 753 776 809 presenti
796 753 949 810 scripto
964 768 1058 796 meo
1074 752 1264 809 sigillum
1283 767 1426 795 meum
1447 752 1635 807 apposui.

222 843 386 886 Datum
406 845 522 900 apud.
542 842 758 886 KENFOEG
780 843 978 886 vicesimo
999 844 1181 886 secundo
1203 843 1271 885 die
1299 843 1475 885 menssis
1500 842 1610 898 Maij
1644 857 1757 885 anno
1786 843 1909 899 regni
1938 843 2108 885 domine

166 934 461 977 ELIZABETHE
482 934 567 977 Dei
587 934 730 991 gracia
750 933 934 977 ANGLOE
956 933 1222 976 FFRAUNCIE
1244 936 1286 976 et
1307 933 1547 976 HIBERNOE
1570 933 1738 990 Regine
1759 933 1858 976 fidei
1882 933 2108 976 deffencor'

168 1029 245 1069 etc.
278 1026 441 1069 decimo
463 1026 613 1082 quinto
645 1040 757 1068 anno
779 1025 957 1068 Domini
980 1026 1109 1067 1573.

226 1116 325 1160 Seal
345 1117 519 1170 broken,
542 1118 617 1160 red
637 1132 743 1159 wax.

226 1208 521 1251 Endorsed—‘
539 1208 692 1252 Sealed.
721 1209 808 1250 and
838 1207 1069 1263 delyuered
1098 1207 1144 1249 in
1174 1206 1247 1249 the
1277 1211 1490 1262 presentes
1521 1207 1566 1250 of
1608 1206 1751 1250 Ll’ein
1790 1222 1844 1263 ap
1882 1206 2069 1249 Richard
2101 1240 2110 1250 .

168 1297 354 1340 Thomas
384 1313 437 1354 ap
468 1298 498 1342 J
501 1314 610 1341 euan
653 1331 662 1340 .
705 1297 900 1353 Watkyn
936 1297 1079 1340 David
1122 1331 1130 1339 .
1174 1297 1360 1340 Thomas
1390 1313 1444 1354 ap
1476 1297 1682 1341 Prichard.
1724 1333 1732 1341 .
1778 1298 1888 1341 Reos
1929 1297 2115 1341 Thomas

169 1389 332 1432 Mellen
365 1423 373 1430 .
407 1390 493 1432 and
523 1389 692 1432 others)
1667 1389 1736 1432 ‘Y
1757 1389 1877 1432 Maes
1897 1389 2063 1432 Mawr.'

662 1478 731 1510 The
746 1479 843 1509 Latin
859 1480 892 1509 of
914 1479 978 1508 this
995 1480 1074 1509 deed
1090 1479 1117 1508 is
1134 1488 1210 1518 very
1226 1483 1357 1518 corrupt
1373 1480 1436 1509 and
1455 1480 1622 1509 incon-eet.

980 1777 1314 1821 MOOOOLIII.

175 1885 607 1930 OONVEYANOE
653 1886 740 1929 BY
789 1885 1046 1929 THOMAS
1097 1885 1452 1929 PRAUNGHE
1504 1885 1580 1929 ΤΟ
1631 1886 1660 1929 J
1664 1873 1801 1929 OHN
1836 1886 2131 1931 WILLIAM

334 1975 548 2020 TYLER
606 1977 684 2020 OF
739 1976 783 2020 A
839 1975 1016 2019 HALF
1076 1975 1381 2019 BURGAGE
1446 1976 1519 2019 IN
1573 1976 1966 2020 OOWBRIDGE.

1029 2092 1106 2150 [Gr.
1131 2093 1182 2136 Gr.
1206 2093 1279 2148 R]

1450 2186 1476 2225 6
1497 2184 1616 2227 AUG.
1681 2186 1733 2227 15
1756 2185 1880 2228 Emz.
1944 2186 2068 2228 1573.

235 2297 382 2341 Sciant
415 2301 630 2354 presentes
666 2301 708 2341 et
742 2299 879 2342 futuri
911 2301 1024 2356 quod
1056 2315 1136 2356 ego
1177 2300 1366 2344 THOMAs
1405 2300 1658 2344 PRAUNCHE
1694 2303 1747 2344 de
1783 2301 2127 2344 LLANTRETHED

178 2389 224 2431 in
266 2389 470 2432 comitatu
511 2388 873 2432 GLAMORGANCIE
913 2406 1071 2446 yoman
1106 2407 1182 2447 pro
1222 2392 1398 2435 diversis
1447 2393 1858 2436 consideracionibus
1891 2394 1990 2436 dedi
2026 2409 2123 2437 con-

175 2480 278 2523 cessi
318 2483 360 2522 et
396 2479 475 2522 hac
514 2480 700 2536 presenti
740 2483 855 2523 carta
894 2496 989 2524 mea
1028 2482 1273 2525 confirmavi
1308 2484 1516 2525 JoHANm
1570 2483 1825 2528 WILLELMO
1876 2483 2031 2526 TYLER
2070 2486 2123 2528 de

177 2569 421 2613 COWBRIGE
463 2570 509 2612 in
550 2570 754 2613 comitatu
793 2572 982 2626 predicto
1020 2587 1180 2628 yoman
1214 2573 1442 2616 dimidium
1473 2575 1601 2617 unius
1631 2574 1832 2632 burgagii
1864 2591 1960 2618 cum
1990 2576 2119 2632 perti-

174 2661 335 2703 nenciis
376 2660 588 2716 jacentem
628 2669 670 2703 et
705 2661 958 2705 existentem
998 2663 1044 2706 in
1084 2663 1187 2706 villa
1218 2665 1271 2706 de
1307 2664 1550 2708 COWBRIGE
1584 2667 1774 2722 predicta
1807 2666 1920 2708 inter
1960 2671 2117 2709 terram

176 2752 347 2794 domine
387 2754 528 2794 nostre
569 2751 737 2808 Regine
776 2768 890 2795 nunc
930 2754 976 2796 in
1022 2757 1175 2797 tenura
1221 2755 1426 2797 Rossmm
1472 2770 1526 2811 ap
1577 2755 1799 2799 WILLIAM
1837 2755 2023 2798 GLOVER
2063 2772 2116 2800 ex

173 2846 294 2898 parte
333 2841 583 2885 occidentali
624 2843 737 2885 viam
777 2844 1002 2887 ducentem
1041 2860 1117 2901 per
1165 2846 1313 2888 villam
1352 2847 1586 2902 predictam
1625 2861 1678 2888 ex
1717 2849 1836 2902 parte
1874 2846 2032 2889 boreali
2071 2853 2114 2890 et

174 2935 350 2974 stratam
390 2935 583 2975 vocatam
623 2932 691 2975 LE
728 2933 883 2976 RoonE
921 2933 1125 2977 STREATE
1162 2951 1213 2978 ex
1250 2939 1370 2991 parte
1402 2936 1597 2979 orientali
1636 2940 1679 2978 et
1713 2939 1870 2979 terram
1902 2936 2114 2981 HUGONIS

173 3022 432 3065 GRIFFlTHE
459 3023 642 3066 nuncin
677 3027 828 3068 tenura
855 3025 1015 3068 MAROE
1051 3026 1244 3069 PERERs'
1281 3042 1334 3069 ex
1368 3030 1488 3083 parte
1522 3027 1710 3069 australi.
1784 3027 2048 3071 Habendum
2076 3031 2118 3071 et
