2362 3392
1965 194 2075 237 1795

986 438 1333 483 MOOXOVIII.

185 554 402 598 GRANT
428 554 517 597 BY
550 554 841 598 RIOHARD
874 555 1057 598 ADAM
1085 555 1219 598 AND
1255 553 1642 598 KATHERINE
1674 552 1893 597 VERGH
1922 551 2134 595 ROGER

326 645 608 699 VACHAN,
658 645 735 688 ΤΟ
786 646 994 689 JEVAN
1044 646 1127 689 ΑΡ
1180 645 1469 698 HOWELL,
1522 645 1600 687 OF
1651 645 1694 687 A
1733 642 1946 687 HOUSE
1998 642 2131 686 AND

329 735 593 779 GARDEN
642 736 778 779 AND
829 736 960 779 THE
1012 736 1366 781 ADVOWSON
1417 736 1495 779 OF
1547 735 1628 778 ST.
1682 733 1994 777 'PATHANs

1041 860 1115 918 [G.
1140 861 1192 904 Gr.
1217 860 1293 918 F]

1247 962 1299 1002 10
1331 960 1468 1004 JUNE.
1532 961 1557 1002 8
1589 959 1715 1002 HEN.
1748 958 1885 1003 VIII.
1951 959 2076 1000 1516.

243 1076 388 1119 Sciant
409 1080 625 1133 presentes
646 1080 688 1119 et
704 1077 840 1120 futuri
859 1078 973 1133 quod
993 1092 1070 1119 nos
1087 1076 1367 1119 RYCHARDUS
1384 1077 1525 1118 ADAM
1547 1079 1589 1118 et
1603 1075 1850 1118 KATERINA
1865 1090 1961 1117 verz
1977 1073 2139 1116 RoGER

183 1167 409 1212 VAGHANE
437 1168 482 1210 in
517 1183 600 1210 vno
633 1183 806 1210 assensu
837 1172 879 1210 et
900 1183 1105 1211 consensu
1137 1168 1332 1210 dedimus
1356 1167 1636 1209 concessimus
1657 1170 1700 1209 et
1719 1167 1798 1209 hac
1818 1166 2003 1222 presenti
2024 1168 2140 1208 carta

185 1262 329 1302 nostra
362 1259 704 1302 confirmavimus
734 1258 886 1302 JEUAN
921 1274 975 1315 ap
1008 1259 1216 1301 HOWELL
1247 1274 1301 1314 ap
1342 1258 1496 1301 JEUAN
1531 1258 1706 1301 GWYNE
1742 1257 1827 1314 [et]
1861 1256 2063 1300 GRYFF'O
2085 1271 2138 1312 ap

186 1349 215 1393 J
218 1365 339 1392 EVAN
373 1349 588 1393 GETHINE
618 1350 845 1393 heredibus
875 1355 917 1392 et
948 1350 1174 1407 assignatis
1206 1351 1290 1392 suis
1322 1365 1450 1392 Vnam
1482 1351 1658 1392 domum
1690 1364 1787 1391 cum
1810 1349 1992 1405 gardino
2013 1351 2141 1404 prout

183 1440 296 1496 jacet
316 1456 369 1483 ex
398 1444 518 1496 parte
548 1440 724 1483 australi
754 1440 923 1483 ecclesie
955 1442 1006 1482 de
1037 1440 1217 1482 SAYNTE
1240 1440 1464 1482 ΤΑΤΗΑΝΕ
1495 1443 1686 1482 vocatam
1718 1440 1933 1495 quondam
1964 1440 2139 1482 domum

185 1531 353 1574 ΤΗΟΜΕ
370 1531 415 1574 N
418 1546 566 1573 ERBER
582 1547 669 1574 una
685 1547 781 1574 cum
797 1532 1026 1574 donatione
1043 1532 1236 1574 beneficii
1253 1532 1445 1587 ejusdem
1466 1532 1634 1574 ecclesie
1649 1533 1700 1574 de
1720 1530 1900 1573 SAYNTE
1914 1531 2139 1574 ΤΑΤΗΑΝΕ

184 1623 381 1665 videlicet
401 1624 516 1678 quod
536 1623 751 1678 predictus
772 1622 801 1665 J
804 1637 926 1665 EUAN
949 1638 1002 1678 ap
1026 1623 1233 1665 HOWELL
1254 1638 1308 1678 ap
1341 1622 1370 1665 J
1375 1637 1496 1664 EUAN
1520 1622 1695 1665 GwYNE
1717 1629 1759 1664 et
1782 1622 2064 1665 GRYFFYTHE
2085 1637 2139 1678 ap

186 1715 210 1756 J
217 1728 339 1756 EUAN
382 1713 607 1757 GETHYNE
649 1714 833 1757 habeant
873 1715 1044 1770 plenam
1096 1719 1349 1770 potestatem
1399 1718 1441 1756 et
1481 1714 1551 1770 jus
1592 1717 1842 1770 patronatus
1881 1720 1930 1756 ut
1970 1714 2139 1769 patroni

184 1805 417 1848 indubitati
436 1805 483 1847 in
503 1808 692 1860 tempore
714 1806 945 1848 vacationis
966 1805 1159 1861 ejusdem
1180 1805 1372 1847 beneficii
1395 1806 1428 1847 si
1446 1805 1672 1861 contigerit
1688 1805 1754 1847 vel
1775 1820 1850 1860 per
1866 1808 2046 1847 mortem
2063 1820 2138 1861 per

185 1896 518 1953 resignationem
554 1897 837 1951 privationem
880 1896 1109 1938 cessionem
1159 1901 1234 1938 aut
1275 1896 1357 1938 alio
1408 1897 1534 1938 modo
1585 1911 1836 1952 quocunque
1886 1897 2138 1938 nominandi

185 1987 432 2043 assignandi
464 1988 735 2042 presentandi
766 1987 961 2030 idoneam
995 2002 1217 2042 personam
1259 1987 1569 2029 admittendam
1599 1987 1908 2029 instituendam
1938 1991 1981 2029 et
2011 1988 2136 2029 indu-

184 2080 362 2121 candam
383 2078 479 2134 jure
501 2079 714 2120 ordinario
734 2079 780 2120 in
802 2079 1035 2134 predictam
1056 2078 1272 2120 ecclesiam
1294 2079 1346 2120 de
1368 2077 1547 2120 SAYNTE
1569 2077 1806 2120 TATHANE.
1870 2078 2135 2120 Habendum

184 2174 227 2212 et
257 2170 491 2211 tenendum
522 2168 734 2224 prefatam
764 2170 937 2211 domum
970 2184 1065 2211 cum
1097 2169 1276 2224 gardino
1307 2184 1393 2210 una
1424 2183 1520 2210 cum
1557 2173 1784 2224 patronatu
1815 2170 1925 2211 dicte
1967 2170 2135 2212 ecclesie

185 2260 478 2317 suprascriptis
507 2259 535 2302 J
540 2275 661 2302 EUAN
694 2276 747 2315 ap
779 2260 985 2302 HOWELL
1016 2276 1070 2315 ap
1101 2259 1130 2302 J
1134 2274 1255 2301 EUAN
1294 2259 1469 2302 GWYNE
1507 2263 1548 2302 et
1577 2259 1857 2302 GRYFFYTHE
1889 2276 1942 2316 ap
1978 2260 2006 2303 J
2011 2275 2134 2302 EUAN

187 2350 413 2394 GETHYNE
429 2350 656 2393 heredibus
669 2354 711 2392 et
727 2350 954 2407 assignatis
969 2351 1055 2392 suis
1067 2351 1394 2406 imperpetuum.
1456 2349 1547 2392 Nos
1564 2365 1660 2392 vero
1678 2351 1834 2406 prefati
1856 2351 2134 2393 RYCHARDUS

184 2442 325 2484 ADAM
347 2444 389 2484 et
409 2441 657 2484 KATERINA
681 2456 774 2482 verz
797 2441 957 2483 Roamz
978 2441 1174 2484 VACHAN
1196 2440 1345 2482 militis
1375 2440 1607 2496 predictam
1640 2442 1815 2482 domum
1836 2456 1931 2483 cum
1952 2442 2132 2497 gardino

184 2547 271 2575 una
303 2547 399 2574 cum
432 2534 662 2586 patronatu
702 2531 889 2586 predicte
927 2531 1096 2573 ecclesie
1136 2531 1311 2586 prefatis
1351 2530 1380 2574 J
1383 2545 1505 2573 EUAN
1546 2546 1600 2586 ap
1638 2531 1844 2573 HOWELL
1879 2531 2054 2574 GWYNE
2090 2538 2133 2576 et

187 2622 468 2665 GRYFFYTHE
490 2637 544 2678 ap
564 2622 591 2665 J
598 2636 720 2664 EUAN
743 2622 968 2664 GETHYNE
990 2621 1215 2664 heredibus
1236 2625 1279 2664 et
1300 2621 1525 2678 assignatis
1545 2622 1631 2664 suis
1653 2626 1798 2664 contra
1819 2638 1964 2665 omnes
1984 2627 2134 2680 gentes

183 2712 552 2755 warantizabimus
565 2712 892 2768 imperpetuum.
954 2712 1010 2754 In
1025 2712 1147 2768 cujus
1162 2713 1223 2754 rei
1238 2713 1531 2754 testimonium
1544 2712 1642 2754 huic
1658 2713 1841 2767 presenti
1857 2717 1970 2755 carte
1987 2714 2130 2769 sigilla

183 2807 328 2846 nostra
368 2802 652 2858 apposuimus.
724 2802 828 2845 Hiis
866 2802 1045 2845 testibus
1087 2837 1095 2844 .
1140 2803 1327 2845 ROBERT
1357 2817 1410 2858 ap
1443 2802 1687 2846 WYLLYAM
1730 2837 1738 2845 .
1783 2803 2036 2848 RYCHARDE
2078 2819 2131 2860 ap

184 2893 446 2936 LLEWELYN
467 2908 521 2948 ap
542 2893 705 2935 MAnoo
738 2926 746 2934 .
782 2892 1024 2936 WYLLYAM
1048 2893 1252 2936 WALTER
1274 2909 1369 2936 cum
1389 2894 1537 2937 multis
1557 2894 1664 2936 aliis.
