2362 3392
302 212 413 254 1762

1044 543 1373 588 MCOLXXII.

237 650 613 698 QUIT-OLAIM
659 651 745 694 BY
774 649 1095 694 ‘JANKYNG
1144 651 1508 696 STRADLING
1550 653 1626 696 TO
1677 654 1792 697 RES
1843 655 1924 697 ΑΡ
1974 655 2179 699 DAVID

379 742 462 785 ΑΡ
511 741 818 785 JANKYNG
863 741 942 784 OF
981 743 1024 785 A
1065 742 1416 786 TENEMENT
1458 743 1706 788 CALLED
1748 745 1931 789 TEYR’
1972 746 2179 790 DAVLD

375 833 458 876 ΑΡ
498 831 613 876 RES
654 832 924 876 VOUGAM
963 832 1037 876 IN
1076 832 1484 877 LLANGONYD.

944 939 1175 997 [MARGAM
1207 940 1464 998 Caium]

1336 1034 1361 1074 5
1393 1032 1510 1076 Nov.
1576 1034 1628 1076 18
1660 1033 1785 1076 HEN.
1818 1034 1927 1078 VII.
1992 1036 2117 1078 1502.

286 1139 496 1182 Omnibus
527 1140 714 1183 CHRISTI
746 1140 942 1182 fidelibus
972 1142 1026 1182 ad
1057 1155 1161 1195 quos
1191 1156 1232 1196 p.
1255 1157 1286 1183 s.
1310 1157 1350 1197 p.
1376 1141 1597 1184 JANKYNG
1628 1142 1887 1185 STRADLING
1917 1144 2097 1186 salutem
2128 1145 2174 1186 in

226 1233 399 1274 domino
421 1232 734 1288 sempiternam.

282 1322 501 1365 Noveritis
530 1338 599 1365 me
628 1324 836 1366 remisisse
867 1323 1077 1366 relaxasse
1107 1329 1150 1366 et
1180 1325 1354 1366 omnino
1386 1339 1461 1380 pro
1492 1339 1559 1366 me
1590 1329 1632 1367 et
1661 1324 1888 1367 heredibus
1908 1326 2013 1368 meis
2032 1325 2174 1382 inper-

220 1418 400 1469 petuum
430 1414 623 1470 quietum
654 1415 853 1457 clamasse
886 1414 978 1457 RES
1010 1430 1064 1471 ap
1095 1414 1249 1457 DAvn)
1281 1430 1334 1471 ap
1365 1414 1394 1457 J
1397 1429 1587 1458 ANKYNG
1618 1415 1844 1458 heredibus
1875 1421 1916 1458 et
1947 1417 2174 1472 assignatis

222 1506 307 1548 suis
328 1509 467 1548 totum
487 1505 558 1562 jus
578 1506 755 1548 titulum
777 1511 818 1548 et
840 1507 1040 1548 olamium
1061 1506 1169 1562 juris
1187 1522 1269 1562 que
1291 1522 1482 1562 unquam
1502 1506 1633 1549 habui
1653 1507 1787 1549 habeo
1805 1522 1879 1549 seu
1899 1508 2175 1563 quovismodo

220 1596 375 1639 habere
397 1602 541 1652 potero
562 1598 615 1639 de
636 1600 677 1639 et
698 1597 740 1638 in
765 1612 853 1639 una
883 1598 1067 1653 parcella
1097 1602 1207 1639 terre
1238 1602 1384 1640 vocata
1415 1597 1557 1640 TEYR'
1589 1597 1745 1640 DAvu)
1777 1613 1830 1654 ap
1856 1598 1949 1640 RES
1969 1598 2171 1641 VOUGAM

220 1695 348 1743 prout
377 1687 489 1743 jacet
520 1689 565 1730 in
596 1688 686 1730 loeo
708 1694 854 1730 vocato
885 1688 1186 1730 ARGODAVEN'
1210 1704 1257 1730 ao
1276 1689 1391 1730 infra
1421 1688 1663 1744 parochiam
1685 1692 1737 1730 de
1757 1687 2041 1731 LLANGONYD
2062 1694 2104 1732 et
2125 1691 2171 1732 in

220 1778 409 1821 dominio
431 1780 484 1820 de
515 1778 798 1820 TEYRZARLL'
823 1794 897 1834 per
916 1779 1115 1834 antiquas
1133 1784 1266 1821 metas
1287 1789 1329 1821 et
1342 1778 1520 1821 bundas.
1583 1779 1848 1821 Habendum
1870 1786 1911 1821 et
1936 1781 2172 1823 tenendum

219 1871 453 1925 predictam
483 1870 712 1925 paroellam
743 1873 853 1912 terre
874 1885 972 1912 oum
992 1869 1188 1912 omnibus
1217 1870 1303 1911 suis
1324 1869 1596 1925 pertinenciis
1625 1870 1792 1925 prefato
1823 1870 1916 1912 RES
1946 1870 2171 1914 heredibus

220 1961 307 2003 suis
337 1963 379 2003 et
419 1961 645 2017 assignatis
676 1962 728 2003 de
759 1961 931 2017 capitali
973 1961 1144 2004 domino
1175 1961 1291 2003 feodi
1322 1961 1437 2003 illius
1467 1976 1542 2016 per
1572 1962 1762 2003 redditus
1794 1967 1836 2003 et
1866 1961 2041 2004 servicia
2069 1963 2170 2005 inde

220 2052 364 2095 debim
385 2057 428 2094 et
448 2053 500 2094 de
520 2052 616 2108 jure
637 2056 836 2095 consueta
865 2053 1181 2108 inperpetuum.
1242 2051 1313 2094 Ita
1344 2053 1459 2107 quod
1488 2067 1565 2094 nee
1595 2067 1673 2107 ego
1704 2052 1918 2107 predictus
1947 2051 2171 2095 JANKYNG

220 2158 298 2185 neo
325 2143 499 2186 heredes
519 2145 604 2186 mei
629 2159 705 2185 neo
726 2144 880 2199 aliquis
908 2144 1016 2186 alius
1047 2159 1122 2199 per
1152 2159 1228 2186 nos
1250 2159 1322 2186 seu
1343 2143 1515 2185 nomine
1536 2149 1679 2185 nostro
1701 2143 1874 2199 aliquod
1894 2144 1965 2200 jus
1994 2145 2171 2187 titulum

219 2249 292 2276 seu
321 2234 522 2276 olamium
542 2234 650 2289 juris
671 2235 723 2276 de
745 2241 785 2276 et
806 2235 852 2275 in
884 2235 1072 2290 predicta
1102 2234 1286 2290 parcella
1306 2240 1416 2276 terre
1438 2248 1534 2275 eum
1555 2233 1751 2275 omnibus
1781 2234 2050 2290 pertinentiis
2080 2235 2166 2277 suis

219 2341 296 2368 nee
326 2326 371 2367 in
392 2326 536 2380 aliqua
566 2326 667 2367 inde
688 2325 872 2380 parcella
903 2326 1093 2368 decetero
1124 2325 1292 2381 exigere
1327 2325 1506 2367 clamare
1528 2340 1600 2366 seu
1621 2326 1843 2367 vendicare
1864 2326 2095 2380 poterimus
2123 2326 2170 2368 in

217 2417 365 2459 futuro
388 2450 396 2458 .
421 2417 493 2458 sed
523 2416 576 2458 ab
600 2450 848 2459 ........
873 2423 913 2459 et
938 2449 1187 2460 ........
1211 2417 1371 2459 exclusi
1391 2417 1705 2472 imperpetuum
1725 2431 1801 2471 per
1821 2420 2047 2472 presentes.
2110 2416 2165 2459 In

219 2507 336 2563 eujus
357 2508 418 2549 rei
439 2508 730 2550 testimonium
752 2508 850 2550 huie
871 2509 1056 2564 presenti
1078 2508 1232 2564 scripto
1253 2523 1346 2550 meo
1368 2508 1560 2562 sigillum
1580 2522 1721 2549 meum
1745 2507 1935 2562 apposui.

277 2598 441 2640 Datum
472 2600 621 2654 quinto
652 2599 720 2640 die
751 2599 908 2641 mensis
937 2599 1193 2641 Novembris
1214 2614 1326 2641 anno
1346 2598 1469 2654 regni
1493 2597 1624 2653 Regis
1645 2597 1851 2640 HENRICI
1872 2597 2042 2653 septimi
2072 2602 2165 2654 post

220 2694 497 2744 conquestum
518 2689 679 2732 decimo
701 2694 859 2732 octavo.

280 2779 376 2821 Seal
398 2794 520 2835 gone.

990 2854 1064 2892 (See
1081 2854 1140 2884 No.
1155 2853 1420 2890 MCCLXXVI.)
