2362 3392
263 247 375 288 1826

205 453 440 511 [THOMAS]
465 454 764 497 husbandman
787 488 795 496 .
819 454 1012 496 salutem.
1076 452 1186 495 Cum
1222 468 1296 494 nos
1324 451 1492 495 feoffati
1533 455 1576 494 et
1611 452 1743 494 seisiti
1779 466 1925 494 sumus
1959 450 2081 494 nobis
2112 453 2155 493 et

202 545 429 588 heredibus
449 545 604 588 nostris
624 546 678 587 de
698 549 741 588 et
760 545 805 586 in
827 544 1055 586 medietate
1076 543 1255 586 manerii
1276 544 1328 585 de
1350 543 1528 585 EGLovs
1550 543 1743 585 BREwEs
1765 557 1862 585 cum
1882 541 2160 598 pertinenciis

203 651 251 680 ac
271 638 324 679 de
355 640 398 679 et
428 637 475 679 in
506 636 733 679 medietate
759 635 1049 677 advocationis
1080 634 1264 676 ecclesiae
1297 633 1550 690 parochialis
1583 635 1635 676 de
1668 633 1846 676 EGLors
1880 633 2077 676 Bnsswns
2108 633 2155 675 in

203 729 408 770 comitatu
450 726 824 770 GLAMORGANCIAE
864 729 906 767 et
946 725 1236 768 MoRGANCIAE
1275 725 1321 767 in
1345 758 1523 767 ......
1546 740 1595 767 ac
1627 726 1679 767 de
1712 728 1754 766 et
1789 725 1835 766 in
1868 724 2155 779 quadraginta

202 818 308 861 acris
327 822 451 860 terrae
472 817 629 873 viginti
649 817 755 859 acris
775 818 888 873 prati
909 817 1065 873 viginti
1088 817 1194 858 acris
1216 821 1400 871 pasturae
1434 823 1477 858 et
1508 816 1690 872 triginta
1730 815 1873 857 solidis
1908 815 2155 857 reddituum

204 925 300 952 cum
321 908 594 965 pertinenciis
614 908 659 950 in
691 908 870 950 EGLovs
900 907 1097 950 Bnsswsss
1126 908 1315 963 predicta
1346 908 1401 949 ad
1432 922 1556 948 usum
1591 906 1841 949 WILLELMI
1875 905 2073 948 BAssn'r'r
2104 906 2156 947 de

203 1000 417 1044 TREGOFF
448 1001 492 1041 in
525 1000 729 1042 comitatu
765 999 954 1055 predicto
991 999 1184 1055 generosi
1217 1002 1261 1040 et
1295 998 1500 1040 heredum
1536 1012 1710 1039 suorum
1745 1030 1753 1039 .
1788 997 1854 1039 Ac
1890 1012 1986 1039 cum
2019 997 2157 1039 dictus

203 1091 490 1135 WILLELMUS
519 1106 595 1146 pro
627 1091 813 1145 quadam
842 1090 1032 1145 pecuniae
1065 1105 1230 1132 summa
1263 1089 1342 1131 sibi
1374 1089 1511 1131 soluta
1547 1104 1622 1145 per
1656 1088 1881 1131 DAvaM
1914 1104 1967 1144 ap
2003 1088 2157 1131 JEVAN

203 1181 314 1225 SEYs
336 1183 388 1224 de
411 1181 687 1225 CowssRIDGE
709 1196 961 1237 generosum
983 1184 1025 1223 et
1047 1181 1347 1224 VVILLELMUM
1370 1196 1423 1236 ap
1445 1180 1473 1223 J
1477 1194 1571 1222 OHN
1594 1181 1646 1222 de
1667 1180 1839 1222 Smero
1861 1179 2092 1222 Hammo
2112 1179 2159 1220 in

201 1275 407 1317 comitatu
447 1273 636 1329 predicto
675 1288 858 1328 yeoman
893 1272 1280 1328 barganizaverunt
1315 1279 1357 1314 et
1393 1272 1680 1314 vendiderunt
1714 1271 1866 1313 iisdem
1897 1271 2081 1314 Divmo
2116 1275 2158 1313 et

202 1365 461 1409 WILLELMO
481 1381 534 1421 ap
557 1365 585 1407 J
588 1379 682 1406 OHN
705 1368 748 1406 et
769 1363 997 1406 heredibus
1020 1364 1106 1405 suis
1128 1364 1327 1419 predictis
1348 1363 1621 1405 medietatem
1645 1363 1824 1418 predicti
1851 1362 2031 1405 manerii
2063 1377 2159 1405 cum

200 1457 472 1514 pertinenciis
493 1472 541 1499 ac
561 1457 836 1499 medietatem
858 1456 1146 1498 advocationis
1167 1455 1351 1497 ecclesiae
1373 1454 1574 1510 predictae
1597 1469 1644 1495 ac
1666 1460 1802 1495 cetera
1834 1454 2036 1508 premissa
2063 1457 2174 1496 cum'

200 1549 474 1606 pertinenciis
513 1549 766 1604 requirendo
806 1563 883 1590 nos
923 1548 1249 1590 feoffamentum
1291 1551 1333 1589 et
1369 1550 1527 1588 statum
1570 1547 1670 1587 inde
1703 1545 1869 1601 prefato
1903 1545 2084 1587 DAvmo
2117 1550 2159 1588 et

202 1641 460 1685 WILLELMO
481 1656 535 1696 ap
556 1640 585 1683 J
589 1655 682 1682 OHN
706 1644 747 1683 et
769 1640 994 1682 heredibus
1016 1640 1101 1682 suis
1122 1639 1303 1681 liberare
1324 1644 1366 1680 et
1386 1638 1524 1680 facere
1544 1638 1671 1693 juxta
1694 1637 1876 1679 formam
1904 1637 2158 1693 burganiza-

201 1732 330 1774 tionis
361 1737 403 1774 et
424 1732 681 1774 venditionis
702 1732 903 1787 predictae
934 1735 1134 1786 pretextu
1158 1765 1164 1772 .
1192 1764 1198 1772 .
1227 1765 1234 1772 .
1259 1730 1399 1772 sciatis
1427 1744 1503 1771 nos
1527 1763 1706 1771 ......
1730 1729 1928 1771 liberasse
1963 1729 2160 1771 feoffasse

204 1829 246 1866 et
267 1839 342 1879 per
362 1838 533 1879 presens
553 1823 761 1879 scriptum
782 1822 1049 1865 confirmasse
1078 1822 1243 1878 prefato
1272 1820 1426 1863 DAvm
1453 1825 1496 1862 et
1526 1819 1781 1862 WlLLELMo
1820 1835 1872 1875 ap
1906 1819 1935 1862 J
1938 1834 2032 1862 OHN
2066 1835 2159 1875 pre-

205 1915 363 1957 dictam
384 1915 658 1956 medietatem
679 1914 859 1969 predicti
890 1913 1070 1955 manerii
1102 1928 1197 1955 cum
1235 1911 1507 1967 pertinenciis
1541 1926 1586 1952 ac
1619 1911 1851 1966 predictam
1889 1912 2162 1953 medietatem

205 2006 392 2061 predicte
415 2005 702 2047 advocationis
732 2019 780 2047 ac
810 2010 947 2046 cetera
980 2005 1184 2059 premissa
1220 2018 1315 2044 oum
1352 2003 1436 2044 suis
1469 2002 1754 2057 pertinenciis.
1817 2001 2084 2044 Habendum
2117 2006 2158 2044 et

206 2097 440 2140 tenendum
463 2097 700 2152 predictum
724 2097 994 2138 medietatem
1018 2096 1195 2151 predicti
1217 2094 1393 2136 manerii
1418 2109 1513 2135 cum
1532 2094 1804 2149 pertinenciis
1825 2109 1872 2135 ac
1888 2093 2161 2135 medietatem

207 2190 317 2231 dicte
367 2188 654 2231 advocationis
693 2203 741 2229 ac
786 2190 923 2229 cetera
971 2187 1174 2242 premissa
1225 2200 1320 2227 cum
1370 2185 1643 2240 pertinenciis
1683 2185 1859 2239 prefatis
1897 2184 2077 2226 Divmo
2117 2187 2159 2226 et

212 2280 468 2322 WmAELMo
510 2294 562 2334 ap
592 2278 718 2321 JOHN
752 2278 976 2320 heredibus
1008 2282 1049 2319 et
1078 2277 1304 2333 assignatis
1340 2277 1425 2317 suis
1460 2276 1504 2317 in
1541 2280 1795 2331 perpetuum
1831 2276 1883 2317 de
1910 2274 2162 2331 capitalibus

212 2371 395 2413 dominis
416 2370 530 2412 feodi
551 2369 667 2411 illius
688 2384 763 2424 per
784 2369 962 2410 servicia
982 2368 1082 2409 inde.
1102 2369 1220 2423 prius
1242 2367 1386 2409 debita
1407 2372 1447 2409 et
1469 2368 1520 2408 de
1541 2367 1637 2422 jure
1660 2370 1869 2409 consueta.

272 2462 422 2504 Sciatis
450 2462 579 2503 etiam
600 2476 677 2502 nos
697 2461 884 2515 prefatos
906 2460 1167 2502 ARNOLDUM
1192 2492 1200 2501 .
1225 2459 1501 2501 HOWELLUM
1525 2492 1532 2499 .
1559 2458 1833 2501 WALTERUM
1857 2491 1865 2499 .
1889 2457 2127 2500 HUGONEM
2151 2490 2162 2499 .

213 2554 453 2596 HUGONEM
477 2586 484 2594 .
509 2552 817 2594 Lina-amun
842 2586 848 2593 .
873 2556 915 2592 et
948 2551 1201 2593 RoBERTUM
1235 2584 1243 2591 .
1277 2551 1490 2592 ordinasse
1521 2549 1786 2591 constituisse
1817 2552 1859 2590 et
1883 2549 1984 2590 locis
2008 2549 2162 2591 nostris

213 2644 398 2700 posuisse
412 2643 586 2685 dilectos
599 2643 720 2684 nobis
733 2643 777 2684 in
796 2641 992 2684 CHRISTO
1007 2641 1032 2684 J
1040 2656 1198 2683 ANKYN
1216 2656 1269 2696 ap
1288 2640 1405 2682 Ixos*
1430 2674 1438 2682 .
1463 2643 1504 2682 et
1517 2639 1823 2682 MORGANNUM
1840 2655 1893 2695 ap
1910 2639 2132 2683 WILLIAM
2150 2673 2159 2682 .

212 2740 376 2778 nostros
407 2750 525 2777 veros
554 2738 597 2776 et
625 2733 839 2788 legitimos
870 2736 1106 2775 attornatos
1141 2731 1403 2787 conjunctim
1438 2735 1480 2773 et
1513 2731 1683 2772 divisim
1722 2731 1894 2772 nomine
1930 2734 2073 2772 nostro
2108 2730 2164 2772 ad

212 2827 463 2869 intrandum
483 2825 528 2867 in
550 2825 783 2880 predictam
803 2824 1076 2865 medietatem
1098 2822 1276 2878 predicti
1298 2822 1477 2875 manerii
1498 2836 1594 2863 cum
1624 2821 1897 2876 pertinenciis
1930 2824 1972 2862 et
2004 2821 2161 2863 medie-

213 2921 347 2960 tatem
367 2917 555 2972 predicte
577 2915 864 2957 advocationis
895 2929 942 2956 ac
972 2918 1108 2955 cetera
1140 2913 1344 2968 premissa
1377 2916 1417 2954 et
1454 2912 1625 2968 plenam
1660 2914 1701 2953 et
1734 2912 1952 2966 pacificam
1984 2926 2164 2966 possess-

208 3009 350 3050 ionem
391 3013 431 3049 et
460 3007 660 3048 seizinam
692 3006 792 3047 inde
829 3005 1155 3047 deliberandum
1203 3002 1401 3059 [vicibus]
1439 3007 1482 3045 et
1515 3002 1760 3044 nominibus
1795 3002 1948 3044 nostris
1984 3002 2162 3057 prefatis
