2362 3392
282 229 393 270 1820

220 439 333 479 terra
355 436 564 479 GAMLAss
585 437 801 492 quondam
821 436 867 477 in
887 434 1084 477 manibus
1105 433 1295 476 Tuoms
1317 433 1423 476 Dm(
1443 434 1629 488 exceptis
1650 433 1824 476 decimis
1843 438 1984 489 preter
2003 432 2187 475 decimis

221 526 463 582 garbarum.
541 526 807 575 Habendum
848 530 890 568 et
919 526 1154 567 tenendum
1185 525 1419 580 predictam
1451 525 1681 580 parcellam
1711 527 1821 566 terre
1853 539 1949 567 cum
1979 524 2182 579 predictis

221 617 388 660 duabus
408 618 612 660 clausuris
633 633 729 659 cum
750 617 932 672 singulis
953 616 1038 658 suis
1054 615 1328 672 pertinenciis
1349 615 1515 670 prefato
1537 615 1796 659 WILLELMO
1818 619 1859 657 et
1889 614 2180 657 MARGARETE

222 709 346 751 uxori
367 708 462 765 ejus
481 707 707 751 heredibus
728 716 770 749 et
789 707 1017 763 assignatis
1036 706 1229 763 ejusdem
1253 705 1502 749 WILLELMI
1526 721 1659 761 usque
1690 706 1744 747 ad
1775 706 2008 747 terminum
2034 709 2076 748 et
2108 720 2183 761 per

221 801 452 842 terminum
492 799 767 856 septuaginta
808 813 1019 840 annorum
1062 802 1155 853 post
1193 798 1323 839 finem
1364 797 1537 839 termini
1593 797 1773 852 predicti
1822 796 2070 838 WILLELMI
2129 811 2187 852 ap

222 890 414 933 Tuoms
445 894 487 933 et
518 890 642 932 NEs'r
666 890 752 932 filie
779 889 808 932 J
812 904 932 931 EvAN
966 892 1110 931 uxoris
1142 888 1236 944 ejus
1267 892 1424 930 extunc
1455 888 1646 943 proxime
1687 888 1901 943 sequentis
1931 891 1974 930 et
2002 887 2183 943 plenarii

224 986 310 1035 (sio)
337 982 590 1038 complendi.
653 981 891 1024 Reddendo
941 981 1041 1022 inde
1082 980 1306 1022 annuatim
1347 979 1524 1034 prefatis
1574 978 1718 1021 abbati
1768 983 1810 1021 et
1861 978 2089 1021 conventui
2138 982 2180 1020 et

220 1073 523 1116 successoribus
544 1073 630 1115 suis
650 1088 726 1129 pro
747 1073 936 1128 predicta
965 1072 1146 1127 parcella
1180 1071 1225 1113 in
1257 1071 1472 1113 GRANGIA
1502 1074 1646 1113 nostra
1682 1074 1774 1113 octo
1804 1070 1959 1113 solidos
1989 1073 2031 1112 et
2065 1076 2176 1112 111Jor

219 1165 415 1207 denarios
456 1165 510 1207 ad
552 1163 772 1220 quodlibet
812 1164 970 1205 festum
1011 1162 1156 1205 Sancti
1198 1162 1458 1204 Mmfflssms
1493 1161 1737 1217 archangeli
1775 1165 1818 1203 et
1852 1161 2025 1216 hokday
2061 1160 2182 1216 equis

218 1256 488 1312 porcionibus
531 1290 539 1298 .
573 1259 616 1298 et
646 1270 722 1311 pro
758 1255 958 1311 predictis
994 1254 1198 1297 clausuris
1230 1253 1454 1296 tresdecim
1487 1253 1642 1295 solidos
1675 1257 1718 1295 et
1752 1258 1863 1295 11150‘
1900 1252 2096 1295 denarios
2126 1253 2182 1294 ad

219 1347 440 1403 quodlibet
497 1345 697 1403 [festum]
742 1346 1045 1402 assumpcionis
1085 1345 1207 1388 beate
1243 1345 1402 1387 Manus
1442 1345 1621 1401 virginis
1661 1350 1703 1386 et
1746 1345 1779 1386 si
1816 1344 1955 1386 dictus
1989 1344 2184 1386 redditus

219 1444 358 1481 aretro
398 1439 529 1481 fuerit
569 1440 613 1480 in
652 1442 771 1494 parte
809 1438 876 1480 vel
912 1438 956 1479 in
992 1441 1082 1478 toto
1115 1452 1190 1491 per
1224 1436 1469 1491 quindecim
1502 1436 1592 1477 dies
1625 1435 1740 1477 ultra
1771 1435 1930 1477 festum
1959 1449 2042 1490 quo
2078 1434 2183 1476 solvi

219 1531 371 1574 debeat
393 1535 435 1573 et
456 1531 577 1572 nulla
598 1530 807 1572 sufficiens
828 1528 1038 1571 districcio
1061 1528 1104 1570 in
1137 1527 1338 1583 predictis
1366 1531 1479 1569 terra
1515 1531 1556 1569 et
1586 1526 1790 1568 clausuris
1825 1526 2007 1569 inveniri
2043 1530 2181 1581 potest

220 1626 379 1665 extunc
414 1622 537 1664 liceat
571 1621 748 1678 prefatis
779 1621 924 1663 abbati
955 1624 995 1662 et
1032 1619 1259 1662 conventui
1293 1623 1334 1660 et
1369 1617 1673 1661 suecessoribus
1706 1618 1792 1659 suis
1827 1618 1873 1660 in
1912 1617 2109 1660 omnibus
2142 1620 2184 1659 et

220 1714 402 1771 singulis
440 1713 640 1769 predictis
679 1713 802 1754 terris
842 1716 884 1753 et
925 1711 1129 1753 clausuris
1170 1725 1266 1751 cum
1307 1709 1576 1766 pertinentiis
1618 1709 1823 1751 reintrare
1867 1708 1953 1765 [et]
2000 1709 2184 1750 retinere

217 1820 435 1861 quousque
457 1805 671 1860 predictus
700 1803 892 1845 redditus
913 1817 1008 1844 cum
1039 1802 1263 1857 arreragiis
1295 1802 1329 1842 si
1355 1816 1437 1856 que
1459 1800 1621 1842 fuerint
1646 1799 1835 1855 plenarie
1863 1799 2104 1842 satisfactus
2139 1803 2182 1841 et

221 1896 305 1938 hiis
325 1896 566 1938 indenturis
587 1910 673 1937 non
705 1893 973 1936 obstantibus
997 1928 1003 1935 .
1029 1898 1071 1935 et
1092 1893 1271 1948 predicti
1293 1891 1422 1934 abbas
1444 1895 1485 1934 et
1508 1894 1741 1933 conventus
1768 1894 1809 1932 et
1833 1904 2086 1932 successores
2116 1889 2182 1932 sui

219 1988 455 2044 predictam
486 1987 715 2043 parcellam
743 1990 853 2028 terre
884 2000 979 2028 cum
1008 1985 1207 2040 predictis
1240 1984 1444 2026 clausuris
1475 1986 1518 2025 et
1553 1982 1750 2025 omnibus
1783 1982 1868 2023 suis
1912 1981 2183 2037 pertinentiis

223 2079 400 2135 prefatis
433 2078 693 2121 WILLELMO
723 2081 765 2119 et
799 2077 1086 2118 MARGARETE
1122 2076 1243 2118 uxori
1275 2075 1370 2130 ejus
1402 2074 1630 2116 heredibus
1664 2078 1706 2115 et
1742 2074 1969 2129 assignatis
2003 2073 2183 2129 predicti

221 2169 472 2213 Wnfflmm
505 2174 651 2211 contra
681 2183 827 2210 omnes
858 2172 1007 2222 gentes
1033 2166 1374 2209 warantizabunt
1395 2171 1436 2208 et
1459 2165 1693 2207 defendent
1714 2165 1822 2206 sicut
1843 2165 2081 2220 predictum
2103 2169 2178 2207 est.

225 2261 281 2304 In
302 2261 426 2317 cujus
446 2261 507 2302 rei
527 2260 820 2302 testimonium
842 2259 924 2301 hiis
945 2259 1186 2300 indenturis
1216 2262 1358 2313 partes
1389 2257 1574 2312 predicte
1607 2260 1694 2298 tam
1735 2256 1926 2312 sigillum
1959 2270 2186 2298 commune

226 2352 472 2395 monasterii
493 2352 698 2394 antedicti
719 2366 848 2407 quam
869 2351 1013 2407 sigilla
1033 2350 1225 2406 parcium
1247 2349 1493 2392 alternatim
1515 2352 1816 2404 apposuerunt.

284 2444 451 2486 Datum
471 2443 517 2484 in
539 2444 664 2485 domo
685 2442 909 2498 capitulari
930 2441 1177 2483 monasterii
1198 2441 1402 2482 antedicti
1424 2440 1492 2482 die
1517 2438 1604 2496 [et]
1629 2454 1742 2481 anno
1773 2438 2036 2494 supradictis.

286 2535 521 2591 Imperfect
542 2534 640 2586 seal,
664 2535 738 2575 red
760 2548 881 2583 wax;
915 2547 1108 2575 common
1131 2532 1217 2575 seal
1248 2534 1294 2574 os
1317 2532 1526 2574 MARGAM
1557 2530 1713 2586 Abbey
1743 2546 1789 2572 as
1818 2529 1974 2572 before.
2038 2529 2184 2578 Birch,

234 2628 365 2669 Gatal.
388 2632 438 2669 of
462 2627 588 2675 Seals,
610 2624 694 2667 No.
720 2625 862 2675 3,608.
