2362 3392
354 252 463 292 1892

290 474 427 514 nuper
458 459 504 501 in
536 458 734 501 manibus
767 457 949 499 LEYsAN
988 456 1177 499 THOMAs
1209 471 1345 512 nuper
1377 457 1542 499 abbatis
1574 457 1732 500 ibidem
1768 464 1811 499 et
1844 459 1968 500 modo
2005 459 2051 500 in
2083 463 2236 500 tenura

288 550 480 605 praedicti
503 550 697 606 Rumam
719 548 982 591 ORUMWELL
1004 563 1079 603 per
1098 548 1373 590 indenturam
1395 551 1442 589 ut
1458 563 1583 604 supra
1605 549 1803 591 solvendo
1825 549 1948 591 dictis
1968 549 2172 591 terminis.

346 640 406 682 Et
438 642 490 682 de
520 641 609 682 243.
640 641 704 682 δεῖ.
735 641 787 681 de
817 640 988 681 redditu
1017 639 1145 680 unius
1173 639 1365 695 grangiae
1395 643 1553 681 vocatae
1584 639 1822 682 BETHOUSE
1846 640 2071 683 GRAUNGE
2103 641 2235 693 conti-

283 731 424 773 nentis
448 732 500 772 16
523 746 638 773 acras
653 734 776 772 terrae
797 730 990 771 arrabilis
1011 733 1052 770 et
1073 729 1184 785 prati
1200 744 1334 783 nuper
1354 730 1400 770 in
1417 729 1613 771 manibus
1627 731 1820 785 praedicti
1842 730 2018 773 Abbatis
2039 734 2081 773 et
2102 732 2226 773 modo

288 822 335 863 in
356 825 507 864 tenura
528 821 722 877 praedicti
743 821 939 863 R10ARD1
963 819 1227 862 ORUMWELL
1259 835 1333 875 per
1363 820 1638 862 indenturam
1669 824 1718 862 ut
1747 836 1872 877 supra
1893 823 2094 864 solvendo
2115 823 2238 864 dict-is

293 913 498 955 terminis.

346 1003 406 1044 Et
436 1004 488 1045 de
521 1004 607 1045 13⁸.
641 1005 707 1044 4a'.
741 1003 792 1044 de
823 1002 995 1045 redditu
1024 1002 1152 1044 unius
1183 1002 1314 1043 clausi
1345 1002 1482 1044 vocati
1512 1017 1536 1043 a
1560 1002 1719 1044 PARKE
1741 1018 1836 1044 cum
1859 1018 1943 1045 uno
1966 1018 2082 1045 orreo
2104 1004 2235 1046 conti-

288 1098 417 1137 nente
438 1110 513 1149 per
533 1094 845 1136 estimationem
866 1094 921 1134 20
953 1108 1069 1135 acras
1098 1107 1234 1148 nuper
1264 1093 1309 1134 in
1340 1092 1536 1135 manibus
1581 1093 1773 1148 praedicti
1793 1092 1977 1136 Abbatis
2012 1094 2125 1136 ultra
2155 1099 2239 1136 tres

288 1186 492 1241 parcellas
522 1188 645 1227 terrae
677 1185 870 1227 dimissas
900 1184 1076 1226 diversis
1107 1184 1296 1239 personis
1329 1198 1400 1238 per
1429 1184 1593 1239 copiam
1622 1184 1748 1226 curiae
1779 1184 1938 1226 ibidem
1969 1190 2010 1226 et
2041 1186 2166 1227 modo
2193 1185 2239 1226 in

290 1280 442 1319 tenura
473 1276 665 1332 praedicti
699 1276 894 1318 Rmfflm
928 1274 1193 1317 ORUMWELL
1223 1275 1373 1316 militis
1405 1289 1478 1329 per
1508 1275 1780 1317 indenturam
1813 1279 1860 1317 ut
1892 1290 2019 1331 supra
2040 1276 2240 1318 solvendo

289 1368 484 1410 terminis
505 1367 731 1423 praedictis.

347 1459 406 1500 Et
429 1460 481 1500 de
502 1459 590 1500 403.
614 1459 666 1500 de
687 1458 859 1499 redditu
881 1458 1008 1498 unius
1029 1456 1256 1499 GRANGIAE
1278 1465 1435 1498 vocatae
1468 1456 1687 1498 ETBERNE
1711 1455 1862 1498 COURT
1884 1471 1980 1498 cum
2000 1472 2086 1498 una
2119 1457 2244 1499 domo

290 1555 333 1592 et
366 1549 541 1591 diversis
572 1549 666 1591 aliis
695 1549 819 1590 terris
850 1547 1103 1590 arrabilibus
1134 1550 1176 1589 et
1211 1547 1394 1602 pasturis
1430 1562 1477 1589 ac
1513 1547 1636 1589 certis
1663 1547 1757 1589 aliis
1793 1548 1915 1589 terris
1950 1548 2079 1590 vastis
2111 1547 2243 1589 conti-

291 1640 493 1682 nentibus
513 1655 588 1695 per
609 1639 923 1681 estimationem
948 1639 1000 1679 16
1023 1653 1138 1680 acras
1158 1653 1294 1693 nuper
1314 1638 1360 1679 in
1391 1637 1588 1679 manibus
1619 1638 1813 1693 praedicti
1843 1638 2026 1680 Abbatis
2057 1644 2097 1680 et
2120 1639 2243 1681 modo

290 1733 336 1774 in
357 1735 510 1774 tenura
531 1731 724 1786 praedicti
747 1729 979 1772 Rmfflnm
1004 1728 1269 1771 CRUMWELL
1290 1744 1365 1784 per
1386 1729 1660 1771 indenturam
1682 1736 1731 1770 ut
1752 1744 1878 1783 supra
1900 1729 2100 1771 solvendo
2121 1730 2244 1772 dictis

292 1822 498 1865 terminis.

352 1913 530 1956 Summa
553 1914 617 1955 285
653 1913 738 1954 113.
772 1912 838 1954 2d.

350 2004 442 2046 The
463 2003 692 2058 transcript
712 2002 883 2058 printed
904 2003 950 2044 in
974 2002 1210 2058 Dugdale's
1238 2003 1481 2043 Alonasfzmm
1504 2002 1539 2043 is
1561 2017 1663 2056 very
1685 2002 1901 2044 incorrect.

1014 2094 1062 2130 (1)
1088 2093 1270 2131 Panylond,
1286 2093 1442 2129 Dugdale.

1017 2150 1064 2186 (2)
1090 2149 1320 2179 Laudavensis.
1336 2149 1493 2186 Dugdnle.

1017 2205 1064 2242 t3)
1089 2205 1262 2242 Kelligam,
1280 2204 1437 2242 Dugdale.

1126 2368 1421 2412 MGOOLIH.

301 2453 516 2497 GRANT
586 2452 672 2495 BY
733 2452 921 2495 ALICE
993 2451 1296 2503 MATHEW,
1358 2451 1594 2494 WIDOW
1655 2451 1733 2494 OF
1795 2452 2104 2495 JAYNKYN
2163 2453 2245 2496 ΑΡ

446 2535 755 2579 RYGHARD
827 2534 1184 2585 TURBYLLE,
1247 2534 1322 2577 TO
1385 2534 1830 2577 CHRISTOPHER
1891 2534 2246 2589 TURBYLLE,

447 2618 584 2661 ΗΕΒ
625 2617 755 2669 SON‚
798 2617 876 2660 OF
916 2617 961 2659 A
1000 2616 1334 2660 MESSUAGE
1378 2617 1509 2659 AND
1550 2616 1726 2659 LAND
1768 2616 1850 2659 AT
1892 2617 2216 2661 NOLTOWN.

1014 2699 1245 2756 [MARGAM
1283 2699 1540 2756 CHARTER.]

1277 2784 1329 2824 31
1365 2782 1548 2824 MARcu.
1611 2783 1665 2823 26
1702 2782 1826 2824 ΗΕΝ.
1866 2782 2002 2826 VIII.
2066 2785 2190 2826 1535.

361 2877 507 2919 sciant
536 2892 576 2931 p.
609 2880 651 2917 et
682 2875 712 2917 f.
746 2875 859 2930 quod
890 2889 969 2930 ego
999 2875 1164 2916 Auem
1195 2873 1413 2915 MATHEW
1444 2873 1572 2915 vidua
1602 2888 1738 2928 nuper
1768 2874 1914 2916 relicta
1944 2873 2162 2917 JAYNKYN
2193 2891 2247 2931 ap

305 2968 529 3010 RYcHARD
557 2966 803 3009 TURBYLLE
826 2966 924 3007 dedi
953 2965 1133 3007 concessi
1165 2970 1207 3006 et
1234 2964 1313 3006 hac
1341 2964 1526 3019 presenti
1555 2968 1669 3006 carta
1697 2979 1791 3006 mea
1819 2965 2064 3007 confirmavi
2085 2966 2245 3009 Omns-

305 3072 473 3100 ToFERo
495 3057 740 3099 TURBYLLE
770 3070 971 3112 generoso
1003 3055 1089 3097 filio
1115 3070 1208 3096 meo
1235 3069 1371 3096 unum
1398 3055 1685 3109 messuagium
1711 3069 1806 3096 cum
1832 3059 1992 3110 septem
2014 3056 2118 3098 acris
2138 3060 2248 3099 terre
