2362 3392
276 225 387 269 1738

1067 541 1316 586 MOOLIV.

215 673 432 718 GRANT
474 673 562 716 BY
603 669 824 715 DAVID-
845 666 1168 711 THOMKYN
1213 666 1289 709 TO
1337 665 1498 709 JOAN
1547 666 1869 709 THOMKYN
1918 665 1996 709 OF
2043 666 2170 710 ONE

446 761 710 806 FOURTH
750 758 916 802 PART
957 758 1035 801 OF
1076 757 1119 800 A
1159 756 1465 800 BURGAGE
1506 756 1579 800 IN
1621 756 1936 801 sWANsEA.

1062 881 1136 938 [G.
1171 881 1222 924 G.
1257 880 1332 937 E]

1322 989 1378 1031 24
1409 988 1532 1031 Mu.
1597 990 1621 1030 3
1653 988 1779 1031 ΗΕΝ.
1812 988 1922 1033 VII.
1988 989 2111 1031 1488.

272 1103 417 1146 Sciant
451 1103 666 1157 presentes
700 1103 743 1142 et
777 1099 915 1141 futuri
955 1099 1069 1154 quod
1104 1112 1183 1154 ego
1220 1096 1375 1139 DAvm
1417 1095 1652 1138 THOMKYN
1694 1095 1807 1138 filius
1845 1095 1874 1137 J
1877 1109 2076 1137 OHANNIS
2117 1110 2173 1152 ap

211 1195 366 1237 DAvm
395 1208 448 1250 ap
477 1192 714 1236 THOMKYN
741 1205 878 1247 nuper
907 1190 960 1232 de
989 1188 1267 1232 SWEYNESEY
1298 1188 1396 1230 dedi
1429 1187 1611 1229 concessi
1645 1190 1687 1229 et
1720 1187 1798 1228 hae
1833 1186 2021 1242 presenti
2053 1189 2169 1229 carta

212 1301 308 1330 mea
343 1284 589 1329 confirmavi
619 1283 649 1326 J
651 1297 838 1325 oHANNE
872 1281 1108 1324 THOMKYN
1144 1279 1230 1322 filie
1261 1278 1467 1321 Romam
1500 1277 1734 1320 THOMKYN
1774 1280 1970 1333 quartam
2005 1283 2171 1332 partem

213 1377 340 1420 unius
353 1375 555 1433 burgagii
576 1390 673 1417 011111
691 1372 963 1430 pertinenciis
983 1372 1164 1428 jacentis
1183 1371 1230 1412 in
1246 1370 1350 1412 villa
1370 1370 1422 1412 de
1444 1369 1721 1412 SWAYNESEY
1743 1368 1856 1410 inter
1877 1369 2170 1410 tenementum

213 1484 349 1525 nuper
381 1468 410 1510 J
413 1480 612 1509 οΗΑΝΝ15
648 1465 758 1507 Ems
791 1479 843 1506 ex
875 1466 994 1519 parte
1026 1461 1179 1505 boriali
1212 1464 1253 1503 et
1288 1461 1420 1502 altam
1453 1463 1631 1502 stratam
1665 1475 1716 1501 ex
1750 1462 1870 1514 parte
1902 1458 2099 1501 orientali
2130 1460 2173 1501 et

212 1560 486 1602 medietatem
540 1556 668 1599 unius
717 1554 919 1611 burgagii
969 1568 1105 1609 nuper
1146 1552 1268 1594 REES
1315 1566 1368 1607 ap
1411 1550 1614 1593 GUILLIM
1657 1565 1709 1592 ex
1751 1552 1871 1605 parte
1912 1548 2090 1591 australi
2129 1552 2172 1591 et

213 1650 476 1694 cemiterium
516 1647 686 1691 ecclesie
726 1645 979 1702 parochialis
1021 1643 1181 1686 ibidem
1222 1658 1275 1685 ex
1315 1646 1435 1698 parte
1477 1641 1738 1684 occidentali.
1821 1640 2088 1683 Habendum
2129 1643 2172 1683 et

213 1743 448 1787 tenendum
487 1740 722 1796 predictam
763 1740 959 1793 quartam
994 1740 1160 1793 partem
1196 1735 1324 1777 unius
1357 1733 1559 1790 burgagii
1594 1748 1690 1776 cum
1727 1732 1924 1775 omnibus
1960 1732 2046 1775 suis
2078 1747 2172 1788 per·

212 1833 410 1878 tinenciis
442 1831 607 1888 prefate
637 1830 667 1873 J
670 1843 859 1872 OHANNE
888 1827 1113 1870 heredibus
1136 1829 1177 1868 et
1206 1825 1433 1882 assignatis
1462 1825 1546 1867 suis
1567 1825 1883 1880 imperpetuum
1915 1824 1967 1866 de
2001 1823 2174 1879 capitali

213 1925 386 1969 domino
408 1923 523 1966 feodi
543 1922 661 1964 illius
680 1936 756 1977 per
775 1920 968 1963 redditus
993 1922 1035 1961 et
1063 1917 1238 1960 servicia
1263 1917 1364 1958 inde
1392 1915 1537 1958 debita
1566 1920 1607 1957 et
1635 1916 1687 1957 de
1714 1915 1809 1970 jure
1839 1918 2050 1957 consueta.
2113 1913 2175 1957 Et

215 2032 294 2074 ego
315 2031 412 2059 vero
438 2014 651 2071 predictus
678 2012 834 2055 Dum
863 2010 1098 2053 THoMKYN
1127 2012 1169 2050 et
1198 2007 1371 2050 heredes
1400 2006 1485 2049 mei
1515 2006 1750 2062 predictam
1781 2010 1977 2061 quartam
2008 2008 2175 2060 partem

214 2109 342 2152 unius
373 2106 575 2163 burgagii
611 2119 708 2147 cum
744 2102 940 2146 omnibus
975 2101 1061 2143 suis
1093 2099 1365 2156 pertinenciis
1399 2098 1586 2154 predicte
1622 2097 1650 2140 J
1654 2111 1842 2138 OHANNE
1876 2095 2102 2139 heredibus
2131 2098 2173 2138 et

216 2198 443 2255 assignatis
475 2199 622 2240 contra
663 2209 808 2237 omnes
858 2196 1006 2250 gentes
1045 2190 1415 2234 warantizabimus
1456 2193 1497 2232 et
1531 2189 1846 2244 imperpetuum
1882 2186 2171 2229 defendemus.

218 2291 275 2334 In
316 2290 438 2347 cujus
473 2288 536 2331 rei
575 2286 868 2330 testimonium
902 2284 1001 2326 huic
1041 2282 1227 2339 presenti
1267 2284 1380 2323 carte
1428 2295 1520 2322 mee
1561 2278 1754 2335 sigillum
1798 2292 1942 2320 meum
1982 2276 2172 2333 apposui.

220 2382 324 2425 Hiis
376 2379 555 2423 testibus
587 2412 596 2420 .
630 2377 864 2421 WALTERo
904 2374 1132 2417 HERBERT
1183 2372 1320 2415 milite
1365 2374 1468 2413 tunc
1504 2368 1729 2412 senescallo
1767 2367 2010 2410 Gon-amm
2045 2369 2088 2408 et
2123 2367 2176 2409 de

222 2473 498 2516 SWAYNEsEY
522 2504 530 2512 .
554 2469 709 2511 DAvm
731 2467 900 2510 Mam
922 2464 1133 2522 preposito
1154 2463 1254 2505 ville
1276 2463 1328 2504 de
1349 2461 1621 2504 SWAYNESEY
1645 2493 1652 2501 .
1678 2459 1933 2502 GRUFFUTH
1957 2457 2141 2499 ROBERT
2163 2490 2172 2499 .

225 2564 254 2607 J
257 2578 378 2606 EVAN
401 2562 547 2605 Gwm
571 2594 578 2602 .
602 2559 632 2603 J
635 2573 793 2601 ANKYN
815 2557 1033 2600 TAYLOUR
1055 2589 1064 2598 .
1087 2558 1130 2597 et
1149 2553 1297 2596 multis
1318 2552 1423 2595 aliis.

284 2655 449 2697 Datum
470 2652 584 2708 apud
606 2650 883 2693 SWAYNESEY
903 2646 1100 2689 vicesimo
1122 2648 1273 2701 quarto
1295 2643 1364 2685 die
1386 2642 1495 2684 Maii
1521 2656 1633 2684 anno
1654 2640 1777 2696 regni
1809 2638 1941 2695 Regis
1969 2637 2174 2680 HENmm

229 2745 398 2802 septimi
418 2747 512 2800 post
533 2743 810 2797 conquestum
831 2738 972 2781 tercio.

288 2836 385 2879 Seal
403 2836 498 2878 lost.
