2362 3392
1956 274 2067 315 2085

230 479 525 521 Endorsed—‘
542 478 694 521 Sealed
719 479 805 521 and
835 478 1047 521 delivered
1073 479 1119 521 in
1151 479 1224 521 the
1257 494 1451 535 presence
1485 480 1530 522 of
1566 480 1762 523 William
1783 480 1930 535 Lyson
1963 511 1972 520 .
2005 481 2122 523 John

177 569 373 613 Wiuiam
397 568 609 612 Gronow.'

232 660 337 703 This
355 659 471 702 bond
499 659 677 715 belongs
706 663 751 702 to
777 660 851 703 the
872 659 1149 716 Oonveyance
1175 661 1258 703 No.
1282 676 1512 704 Mcoccmn.
1542 663 1665 704 made
1690 662 1880 705 between
1909 663 1980 705 the
2009 678 2122 706 same

172 751 342 806 parties,
365 751 451 793 and
470 750 545 793 the
565 752 684 793 dates
704 751 750 794 of
769 752 852 804 day
877 751 923 794 of
942 752 1093 794 month
1114 767 1185 794 are
1204 752 1278 794 the
1298 767 1425 803 same,
1448 752 1525 794 but
1544 752 1603 807 by
1625 767 1737 795 some
1754 768 1868 795 error
1882 753 1955 795 the
1970 754 2120 810 regnal

171 856 275 897 year
304 841 350 883 of
390 840 539 888 Queen
575 841 839 884 ELIZABETH
874 841 950 884 has
978 841 1086 885 been
1117 843 1313 898 wrongly
1345 844 1517 885 entered
1547 843 1591 884 in
1623 858 1702 885 one
1742 859 1789 886 or
1818 844 1939 886 other
1969 845 2014 886 of
2048 845 2121 887 the

176 933 436 975 documents.

994 1130 1316 1176 MOGOOLVI.

178 1239 392 1282 ROYAL
453 1238 721 1282 PREOIPE
782 1238 858 1281 ΤΟ
920 1239 1052 1282 THE
1112 1239 1390 1282 SHERIFF
1462 1239 1534 1282 IN
1594 1240 1725 1282 THE
1787 1240 1986 1284 GAUSE
2048 1241 2127 1284 OF

322 1329 611 1373 MERIOKE
674 1329 1035 1374 LLEWELYN
1100 1329 1343 1373 VERSUS
1417 1330 1446 1373 J
1450 1330 1587 1373 OHN
1649 1330 1843 1383 GILES,
1918 1331 2126 1375 GWEN-

321 1420 567 1463 LLIANA
622 1420 730 1463 HIS
805 1421 988 1473 WIFE,
1050 1421 1184 1464 AND
1250 1421 1420 1465 JOHN
1486 1421 1667 1465 GILES
1731 1422 1934 1466 THEIR
1997 1423 2127 1476 SON,

324 1510 715 1554 RESPEOTING
764 1511 807 1554 A
857 1511 1023 1555 FREE
1074 1511 1424 1555 TENEMENT
1474 1512 1546 1556 IN
1596 1513 2045 1557 LLANOARVAN.

974 1620 1187 1674 [FONMON
1220 1619 1340 1676 MS]

1414 1729 1440 1770 7
1470 1728 1608 1771 JUNE.
1670 1730 1724 1771 20
1757 1729 1881 1772 ΕΠΖ.
1947 1731 2069 1772 1578.

233 1834 531 1877 ELIZABETHA
553 1834 637 1877 Dei
659 1835 798 1890 gratia
819 1835 1004 1877 ANGLIE
1027 1835 1263 1878 FFRANCIE
1286 1840 1328 1878 ct
1351 1836 1590 1879 HIBERNIE
1615 1837 1786 1893 Regina
1807 1838 1905 1880 fidei
1933 1839 2128 1881 defensor

176 1930 253 1969 etc.
276 1926 512 1968 vicecomiti
536 1925 825 1969 GLAMORGAN
848 1927 1040 1969 salutem.

233 2017 420 2064 Questus
441 2021 504 2060 est
523 2017 645 2060 nobis
666 2017 883 2060 MERICKE
906 2017 1220 2075 LLE[WELY]N
1250 2020 1363 2074 quod
1383 2019 1413 2062 J
1416 2033 1626 2061 OHANNES
1651 2019 1791 2063 GILEs
1813 2020 2124 2064 erENLmANA

175 2123 282 2151 uxor
307 2108 401 2164 ejus
426 2112 469 2151 et
492 2108 521 2152 J
525 2123 734 2150 OHANNES
766 2108 905 2151 Guffls
930 2109 1103 2151 me
1134 2110 1296 2165 injuste
1324 2113 1368 2152 et
1393 2110 1482 2152 sine
1512 2110 1674 2166 judicio
1696 2111 2012 2155 disseisiverunt
2029 2128 2127 2156 eum

173 2200 226 2241 de
256 2198 388 2241 libero
418 2202 662 2241 tenemento
691 2214 766 2242 suo
787 2200 832 2241 in
854 2199 1138 2242 LANCARVAN
1155 2201 1270 2243 infra
1297 2201 1480 2258 triginta
1496 2216 1630 2244 annos
1649 2202 1741 2257 jam
1762 2203 1934 2246 ultimos
1950 2204 2122 2260 elapsos.

173 2290 234 2332 Et
254 2290 349 2332 ideo
371 2289 451 2332 tibi
471 2289 727 2345 precipimus
748 2291 862 2345 quod
883 2290 918 2332 si
943 2290 1158 2346 predictus
1187 2291 1407 2334 MERmKE
1439 2292 1586 2335 fecerit
1607 2298 1649 2336 te
1680 2308 1872 2336 securum
1893 2295 1945 2336 de
1966 2295 2124 2338 clameo

174 2396 250 2424 suo
280 2381 572 2436 prosequendo
604 2384 705 2422 tunc
740 2380 872 2423 facias
904 2384 1198 2424 tenementum
1230 2382 1340 2424 illud
1366 2383 1547 2426 reseisiri
1577 2385 1630 2427 de
1661 2384 1826 2426 catallis
1853 2400 1934 2440 que
1959 2386 2004 2428 in
2034 2386 2124 2442 ipso

173 2475 297 2528 capta
317 2472 493 2514 fuerunt
514 2474 557 2514 et
576 2471 718 2527 ipsum
738 2475 1033 2515 tenementum
1055 2488 1152 2515 cum
1173 2474 1337 2516 catallis
1357 2489 1446 2517 esse
1466 2475 1511 2517 in
1531 2490 1633 2531 pace
1654 2491 1787 2531 usque
1808 2477 1863 2518 ad
1883 2477 2123 2533 proximam

172 2577 376 2619 magnam
397 2562 624 2605 sessionem
644 2565 832 2605 nostram
853 2563 899 2605 in
927 2564 1131 2606 comitatu
1150 2567 1226 2607 tuo
1255 2566 1487 2608 tenendam
1507 2581 1604 2608 cum
1633 2566 1893 2622 justiciarius
1913 2571 2056 2611 noster
2075 2569 2120 2611 in

172 2657 313 2710 partes
343 2654 439 2696 illas
468 2654 645 2697 venerit.
708 2654 769 2697 Et
793 2655 967 2697 interim
991 2655 1123 2699 facias
1158 2657 1298 2699 XIJeim.
1325 2656 1479 2700 liberos
1503 2660 1545 2699 et
1565 2657 1722 2713 legales
1742 2657 1934 2701 homines
1954 2660 2006 2702 de
2027 2660 2120 2702 visu

172 2745 248 2788 illo
277 2745 422 2788 videre
447 2748 740 2787 tenementum
772 2746 881 2788 illud
908 2749 950 2789 et
975 2748 1150 2790 nomina
1181 2763 1328 2791 eorum
1355 2748 1611 2791 imbreviari.
1675 2749 1736 2791 Et
1760 2764 2025 2793 summoneas
2053 2767 2122 2794 eos

173 2852 248 2892 per
267 2836 400 2879 bonos
420 2836 748 2879 summonitores
768 2838 882 2892 quod
903 2838 989 2880 sint
1009 2853 1149 2881 coram
1168 2855 1182 2895 J
1190 2840 1404 2882 usticiario
1425 2844 1569 2882 nostro
1588 2855 1744 2895 magne
1765 2841 1958 2883 sessionis
1978 2846 2119 2885 nostre

174 2927 398 2970 comitatus
428 2927 493 2969 tui
524 2927 592 2969 die
628 2927 832 2984 Mercuxij
866 2928 913 2970 in
940 2929 1136 2984 proxima
1162 2945 1321 2986 magna
1353 2930 1534 2973 sessione
1567 2934 1710 2972 nostra
1736 2931 1783 2972 in
1811 2931 2015 2974 comitatu
2045 2936 2120 2976 tuo

172 3019 358 3061 tenenda
409 3018 651 3074 ubicunque
700 3019 837 3061 teneri
886 3020 1112 3076 contigerit
1171 3021 1216 3063 in
1267 3021 1470 3063 comitatu
1519 3024 1593 3064 tuo
1645 3021 1783 3076 parati
1832 3021 1933 3064 inde
1983 3023 2121 3068 facere
