2362 3392
1906 285 2017 326 1933

123 488 326 531 comitatu
355 491 498 530 nostro
527 487 828 536 GLAMORGAN,
859 502 907 530 ac
937 488 1070 530 eciam
1099 489 1306 544 capellam
1336 490 1389 532 de
1430 489 1614 533 NAssHE
1656 505 1842 533 unacum
1873 491 2070 534 omnibus

120 579 305 629 decimis,
327 578 627 631 oblacionibus,
649 577 990 631 obvenoionibus,
1013 578 1139 635 gleba
1169 582 1211 622 et
1241 580 1439 623 omnibus
1469 581 1666 635 proficuis
1697 584 1739 623 et
1770 582 2066 624 emolumentis

122 669 232 712 dicte
245 669 403 725 capelle
415 669 502 711 sive
518 669 707 711 manerio
723 668 1035 724 pertinentibus
1048 684 1120 712 seu
1134 651 1452 726 quomodolibet
1468 671 1770 726 spectantibus,
1786 687 1834 714 ac
1846 672 2068 715 rectoriam

122 763 309 803 nostram
342 761 394 802 de
429 759 579 802 SEYNT
619 759 820 802 Domus
860 760 1049 816 predicto
1089 776 1273 803 unacum
1313 761 1510 804 omnibus
1550 762 1735 814 decimis,
1767 762 2068 813 oblacionibus,

118 849 458 901 obvencionibus,
480 850 615 902 terris,
647 849 784 906 glebis
814 854 856 892 et
886 851 981 893 aliis
1010 851 1206 906 proficuis
1227 855 1268 894 et
1300 852 1597 895 emolumentis
1618 853 1756 895 eidem
1777 853 1952 895 rectoris
1973 868 2066 908 per-

115 940 352 983 tinentibus
382 956 456 983 seu
485 940 802 996 quomodolibet
836 941 1137 996 spectantibus,
1178 957 1363 984 unacum
1393 943 1672 985 advocacione
1702 942 1844 1000 s[i]ue
1873 944 2065 999 prioratu

118 1032 271 1074 vicarie
291 1032 344 1074 de
365 1031 515 1074 SEYNT
535 1032 738 1074 DONATls
759 1032 947 1087 predicto
969 1048 1065 1075 cum
1095 1033 1291 1076 omnibus
1311 1036 1355 1075 et
1381 1034 1562 1090 singulis
1582 1034 1668 1076 suis
1694 1034 1966 1090 pertinenciis
1986 1050 2068 1090 que

115 1123 167 1165 de
199 1122 321 1165 nobis
352 1126 553 1165 tenentur
587 1122 632 1164 in
669 1122 818 1178 capite,
853 1127 902 1164 ut
935 1123 1103 1174 dicitur,
1135 1125 1235 1166 dare
1265 1124 1449 1166 elienare
1484 1126 1571 1179 (sic)
1606 1128 1649 1167 et
1678 1126 1904 1168 concedere
1934 1126 2065 1181 possit

115 1212 282 1256 ΤΗΟΜΕ
313 1214 583 1255 STRADLYNG
605 1214 829 1269 armigero.

170 1304 436 1347 Habendum
477 1309 519 1347 et
559 1305 795 1347 tenendum
835 1305 1075 1360 predictum
1125 1306 1364 1348 manerium
1404 1307 1457 1349 de
1508 1306 1705 1359 NAssnE,
1757 1307 1861 1349 alias
1901 1308 2063 1350 dictum

110 1397 337 1453 grangiam
367 1396 454 1438 sive
485 1396 652 1438 firmam
682 1396 734 1437 de
765 1395 965 1446 NASSHE,
998 1397 1217 1452 capellam,
1249 1397 1486 1449 rectoriam,
1518 1398 1842 1441 advocaoionem
1864 1401 1906 1440 et
1926 1403 2063 1441 cetera

109 1487 311 1543 premissa
351 1487 543 1543 superius
592 1502 788 1543 expressa
839 1492 882 1530 et
923 1488 1161 1543 specificata
1211 1503 1308 1530 cum
1357 1488 1631 1544 pertinenciis
1680 1489 1846 1544 prefato
1895 1489 2062 1532 ΤΗΟΜΕ

110 1578 395 1629 STRADLYNG‚
430 1577 657 1621 heredibus
689 1583 732 1621 et
768 1579 995 1634 assignatis
1028 1579 1125 1631 suis,
1162 1579 1490 1635 imperpetuum,
1525 1581 1577 1621 de
1613 1580 1735 1622 nobis
1765 1583 1808 1622 et
1835 1579 2062 1623 heredibus

106 1670 274 1721 nostris,
294 1684 369 1725 per
394 1670 569 1712 servicia
589 1669 690 1711 inde
711 1669 856 1712 debita
877 1673 919 1711 et
939 1669 1061 1712 nobis
1081 1674 1306 1712 reservata.
1369 1670 1430 1712 Et
1460 1671 1598 1713 eidem
1629 1669 1796 1713 Tuom:
1829 1673 1943 1727 quod
1972 1672 2062 1727 ipse

104 1760 343 1815 predictum
373 1759 613 1802 manerium
645 1759 732 1802 sive
763 1761 991 1817 grangiam
1023 1762 1088 1803 vel
1120 1761 1287 1803 firmam
1319 1762 1371 1804 de
1401 1760 1585 1804 NASSHE
1617 1766 1660 1803 et
1691 1765 1829 1804 cetera
1859 1763 2060 1817 premissa

103 1851 294 1907 superius
324 1866 520 1906 expressa
551 1854 593 1893 et
628 1851 878 1906 specificata,
919 1866 1016 1894 cum
1056 1851 1342 1907 pertinenciis,
1373 1867 1399 1894 a
1439 1851 1606 1906 prefato
1638 1852 1843 1895 RmARno
1875 1853 2059 1908 recipere

100 1942 230 1998 possit
260 1947 302 1984 et
332 1945 476 1984 tenere
507 1941 600 1993 sibi,
632 1942 858 1985 heredibus
889 1946 932 1984 et
962 1943 1189 1998 assignatis
1218 1943 1350 1998 ipsius
1381 1942 1564 1994 ΤΗΟΜΕ,
1587 1943 1696 1985 sicut
1718 1943 1959 1998 predictum
1981 1950 2056 1993 est,

101 2033 427 2090 imperpetuum,
444 2037 590 2076 tenore
606 2033 882 2089 presencium,
905 2033 1101 2076 similiter
1121 2034 1342 2076 licenciam
1362 2034 1556 2076 dedimus
1577 2048 1625 2075 ac
1646 2035 1798 2076 damus
1814 2035 2053 2089 specialem,

104 2124 297 2166 nolentes
332 2124 445 2180 quod
480 2123 695 2179 predictus
737 2123 969 2166 RICARDUS
1011 2124 1078 2166 vel
1118 2123 1293 2166 heredes
1329 2124 1394 2166 sui
1434 2127 1508 2166 aut
1542 2124 1734 2180 prefatus
1767 2123 1958 2167 THOMAS
1992 2126 2058 2168 vel

100 2214 273 2258 heredes
303 2215 435 2271 ipsius
466 2213 633 2257 THOME
664 2230 740 2270 per
769 2230 846 2258 nos
876 2219 918 2258 et
948 2216 1123 2258 heredes
1154 2218 1331 2267 nostros,
1367 2215 1637 2272 justiciarios,
1669 2220 1911 2269 escaetooes,
1944 2216 2051 2259 vice·

101 2306 284 2355 comites,
306 2305 485 2349 ballivos
506 2310 581 2348 aut
600 2306 816 2348 ministros
836 2310 1000 2348 nostros
1032 2306 1097 2348 vel
1128 2306 1332 2349 heredum
1363 2310 1604 2350 nostrorum
1635 2322 1922 2363 quoscumque
1953 2308 2053 2349 inde

101 2397 429 2449 occasionentur,
445 2398 724 2440 molestentur
737 2397 782 2439 in
796 2397 952 2452 aliquo,
971 2412 1044 2439 seu
1058 2401 1304 2453 graventur,
1328 2401 1403 2439 aut
1423 2413 1569 2440 eorum
1589 2398 1745 2454 aliquis
1765 2399 2053 2441 occasionetur

99 2487 146 2529 in
166 2488 308 2543 aliquo
329 2503 403 2530 seu
423 2492 637 2544 gravetur.

155 2579 211 2621 In
237 2579 360 2635 cujus
382 2579 444 2621 rei
468 2583 543 2621 etc.
606 2578 732 2622 Teste
764 2579 884 2636 Rege
916 2581 1030 2635 apud
1062 2579 1527 2623 WESTMONASTERIUM
1569 2595 1629 2623 lx.
1673 2581 1742 2623 die
1786 2615 1794 2622 .
1839 2579 2044 2622 Octobris.

104 2668 275 2725 [1542]

155 2758 204 2788 Sir
220 2758 358 2788 Richard
375 2759 535 2789 Williams
558 2770 623 2788 was
645 2761 763 2789 almost
785 2762 942 2799 certainly
964 2763 998 2791 of
1020 2762 1220 2799 Glamorgan
1242 2762 1357 2799 origin,
1379 2762 1443 2791 and
1465 2762 1519 2791 the
1540 2761 1700 2795 evidence,
1717 2762 1818 2799 lutzel)⁷
1833 2761 2035 2791 disinterred.

105 2814 137 2842 of
159 2814 213 2843 the
228 2814 433 2844 Wimbledon
450 2815 548 2844 Court
564 2816 640 2845 rolls
656 2820 809 2853 supports
824 2817 889 2846 this
905 2818 995 2847 view.
1048 2817 1116 2847 The
1134 2818 1237 2847 Lewis
1252 2818 1378 2856 family,
1395 2818 1471 2854 long
1492 2818 1525 2846 of
1549 2817 1724 2846 Llanishen
1747 2817 1810 2845 and
1832 2826 1904 2845 now
1921 2817 1953 2845 of
1977 2817 2030 2845 the

106 2871 298 2907 contiguous
320 2871 429 2907 parish
451 2872 484 2901 of
507 2871 731 2909 VVhitchumh,
753 2873 835 2902 have
857 2873 980 2911 always
1003 2874 1157 2911 regarded
1180 2874 1246 2902 him
1275 2883 1310 2902 as
1332 2884 1349 2903 a
1371 2874 1476 2911 cadet,
1497 2874 1561 2902 and
1583 2874 1609 2902 it.
1630 2873 1657 2902 is
1679 2873 1880 2902 remarkable
1902 2874 1974 2902 that
1998 2880 2030 2901 at

105 2925 160 2955 the
180 2926 305 2955 funeral
328 2927 360 2955 of
382 2927 437 2955 the
461 2927 627 2956 Protector
648 2927 697 2956 his
719 2929 870 2957 armorial
892 2930 1014 2958 banner
1035 2930 1111 2958 bore
1133 2930 1188 2958 the
1209 2933 1302 2966 erest,
1324 2939 1418 2965 arms,
1440 2930 1503 2958 and
1520 2932 1585 2958 two
1600 2929 1806 2966 qunrterings
1823 2929 1927 2957 which
1950 2929 2031 2957 have

104 2981 182 3009 been
204 2981 326 3019 always
347 2982 410 3010 and
432 2991 485 3011 are
507 2982 575 3011 still
598 2983 674 3012 used
691 2984 732 3021 by
749 2984 803 3013 the
818 2985 1073 3022 representative
1089 2986 1121 3013 of
1144 2985 1198 3013 the
1216 2985 1318 3014 Lewis
1334 2984 1458 3021 family.
1502 2984 1568 3013 The
1591 2984 1732 3013 offshoot
1755 2984 1833 3013 took
1857 2984 1947 3021 place
1961 2984 2029 3019 just

101 3036 209 3064 before
230 3037 284 3066 the
300 3037 487 3067 conversion
501 3039 534 3067 of
556 3047 574 3067 a
590 3037 754 3068 Christian
771 3040 841 3068 into
856 3049 874 3068 a
891 3048 1048 3069 sui-name.
