<?xml version="1.0" encoding="UTF-8"?>
<!DOCTYPE html PUBLIC "-//W3C//DTD XHTML 1.0 Transitional//EN"
    "http://www.w3.org/TR/xhtml1/DTD/xhtml1-transitional.dtd">
<html xmlns="http://www.w3.org/1999/xhtml" xml:lang="en" lang="en">
 <head>
  <title>
</title>
<meta http-equiv="Content-Type" content="text/html;charset=utf-8" />
  <meta name='ocr-system' content='tesseract 3.04.00' />
  <meta name='ocr-capabilities' content='ocr_page ocr_carea ocr_par ocr_line ocrx_word'/>
</head>
<body>
  <div class='ocr_page' id='page_1' title='image "./cartaeetaliamuni05claruoft_0072.png"; bbox 0 0 2362 3392; ppageno 0'>
   <div class='ocr_carea' id='block_1_1' title="bbox 254 221 367 262">
    <p class='ocr_par' dir='ltr' id='par_1_1' title="bbox 254 221 367 262">
     <span class='ocr_line' id='line_1_1' title="bbox 254 221 367 262; baseline -0.009 0"><span class='ocrx_word' id='word_1_1' title='bbox 254 221 367 262; x_wconf 89' lang='lat'>1694</span> 
     </span>
    </p>
   </div>
   <div class='ocr_carea' id='block_1_2' title="bbox 177 427 2146 2942">
    <p class='ocr_par' dir='ltr' id='par_1_2' title="bbox 177 427 2146 2942">
     <span class='ocr_line' id='line_1_2' title="bbox 194 427 2146 489; baseline 0.003 -18"><span class='ocrx_word' id='word_1_2' title='bbox 194 428 365 485; x_wconf 86' lang='lat' dir='ltr'>pacifice</span> <span class='ocrx_word' id='word_1_3' title='bbox 387 428 606 470; x_wconf 82' lang='lat' dir='ltr'><strong>dimittent</strong></span> <span class='ocrx_word' id='word_1_4' title='bbox 640 461 649 470; x_wconf 90' lang='lat'><strong>.</strong></span> <span class='ocrx_word' id='word_1_5' title='bbox 682 427 960 484; x_wconf 87' lang='lat' dir='ltr'>Percipiendo</span> <span class='ocrx_word' id='word_1_6' title='bbox 981 429 1262 471; x_wconf 88' lang='lat' dir='ltr'>merhemium</span> <span class='ocrx_word' id='word_1_7' title='bbox 1283 430 1493 472; x_wconf 90' lang='lat' dir='ltr'>sufficiens</span> <span class='ocrx_word' id='word_1_8' title='bbox 1513 432 1568 473; x_wconf 87' lang='lat' dir='ltr'>ad</span> <span class='ocrx_word' id='word_1_9' title='bbox 1593 446 1719 473; x_wconf 90' lang='lat' dir='ltr'>usum</span> <span class='ocrx_word' id='word_1_10' title='bbox 1739 432 1850 475; x_wconf 90' lang='lat' dir='ltr'>dicte</span> <span class='ocrx_word' id='word_1_11' title='bbox 1871 433 2050 489; x_wconf 87' lang='lat' dir='ltr'>grangie</span> <span class='ocrx_word' id='word_1_12' title='bbox 2070 448 2146 489; x_wconf 87' lang='lat' dir='ltr'>per</span> 
     </span>
     <span class='ocr_line' id='line_1_3' title="bbox 193 518 2145 579; baseline 0.002 -17"><span class='ocrx_word' id='word_1_13' title='bbox 193 521 331 562; x_wconf 88' lang='lat' dir='ltr'>visum</span> <span class='ocrx_word' id='word_1_14' title='bbox 359 528 402 562; x_wconf 88' lang='lat' dir='ltr'>et</span> <span class='ocrx_word' id='word_1_15' title='bbox 429 519 728 562; x_wconf 88' lang='lat' dir='ltr'>liberacionem</span> <span class='ocrx_word' id='word_1_16' title='bbox 759 518 1139 575; x_wconf 80' lang='lat' dir='ltr'>forest[ar]eorum</span> <span class='ocrx_word' id='word_1_17' title='bbox 1166 520 1233 562; x_wconf 91' lang='lat' dir='ltr'>vel</span> <span class='ocrx_word' id='word_1_18' title='bbox 1265 520 1446 563; x_wconf 85' lang='lat' dir='ltr'>aliorum</span> <span class='ocrx_word' id='word_1_19' title='bbox 1471 536 1576 576; x_wconf 87' lang='lat' dir='ltr'>quos</span> <span class='ocrx_word' id='word_1_20' title='bbox 1601 521 1730 565; x_wconf 88' lang='lat' dir='ltr'>abbas</span> <span class='ocrx_word' id='word_1_21' title='bbox 1757 523 1832 577; x_wconf 91' lang='lat' dir='ltr'>qui</span> <span class='ocrx_word' id='word_1_22' title='bbox 1860 538 1935 578; x_wconf 88' lang='lat' dir='ltr'>pro</span> <span class='ocrx_word' id='word_1_23' title='bbox 1957 529 2145 579; x_wconf 85' lang='lat' dir='ltr'>tempore</span> 
     </span>
     <span class='ocr_line' id='line_1_4' title="bbox 198 611 2145 669; baseline 0.002 -15"><span class='ocrx_word' id='word_1_24' title='bbox 198 611 373 669; x_wconf 82' lang='lat' dir='ltr'>[fuerit]</span> <span class='ocrx_word' id='word_1_25' title='bbox 414 612 595 654; x_wconf 88' lang='lat' dir='ltr'>voluerit</span> <span class='ocrx_word' id='word_1_26' title='bbox 631 611 858 667; x_wconf 86' lang='lat' dir='ltr'>assignare.</span> <span class='ocrx_word' id='word_1_27' title='bbox 921 611 1120 653; x_wconf 89' lang='lat' dir='ltr'>Preterea</span> <span class='ocrx_word' id='word_1_28' title='bbox 1151 611 1228 653; x_wconf 89' lang='lat' dir='ltr'>hec</span> <span class='ocrx_word' id='word_1_29' title='bbox 1258 612 1489 655; x_wconf 85' lang='lat' dir='ltr'>indentura</span> <span class='ocrx_word' id='word_1_30' title='bbox 1518 619 1700 656; x_wconf 87' lang='lat' dir='ltr'>testatur</span> <span class='ocrx_word' id='word_1_31' title='bbox 1733 615 1847 669; x_wconf 89' lang='lat' dir='ltr'>quod</span> <span class='ocrx_word' id='word_1_32' title='bbox 1883 630 1970 657; x_wconf 91' lang='lat' dir='ltr'>non</span> <span class='ocrx_word' id='word_1_33' title='bbox 2000 614 2145 658; x_wconf 81' lang='lat' dir='ltr'>licebit</span> 
     </span>
     <span class='ocr_line' id='line_1_5' title="bbox 192 701 2143 761; baseline 0.002 -17"><span class='ocrx_word' id='word_1_34' title='bbox 192 703 391 758; x_wconf 78' lang='lat' dir='ltr'>predictis</span> <span class='ocrx_word' id='word_1_35' title='bbox 420 701 642 744; x_wconf 82' lang='lat' dir='ltr'>HowELL&#39;</span> <span class='ocrx_word' id='word_1_36' title='bbox 678 735 687 744; x_wconf 93' lang='lat'><strong>.</strong></span> <span class='ocrx_word' id='word_1_37' title='bbox 721 701 980 745; x_wconf 86' lang='lat' dir='ltr'>WILLELMO</span> <span class='ocrx_word' id='word_1_38' title='bbox 1015 735 1023 743; x_wconf 88' lang='lat'><strong>.</strong></span> <span class='ocrx_word' id='word_1_39' title='bbox 1062 701 1218 743; x_wconf 40' lang='lat' dir='ltr'>Diu-11)</span> <span class='ocrx_word' id='word_1_40' title='bbox 1249 706 1293 744; x_wconf 90' lang='lat' dir='ltr'>et</span> <span class='ocrx_word' id='word_1_41' title='bbox 1329 702 1487 745; x_wconf 73' lang='lat' dir='ltr'>GnoNo</span> <span class='ocrx_word' id='word_1_42' title='bbox 1516 704 1674 747; x_wconf 89' lang='lat' dir='ltr'>dictam</span> <span class='ocrx_word' id='word_1_43' title='bbox 1706 705 1935 761; x_wconf 81' lang='lat' dir='ltr'>grangiam</span> <span class='ocrx_word' id='word_1_44' title='bbox 1960 707 2143 748; x_wconf 88' lang='lat' dir='ltr'>vendere</span> 
     </span>
     <span class='ocr_line' id='line_1_6' title="bbox 189 793 2143 849; baseline 0.002 -14"><span class='ocrx_word' id='word_1_45' title='bbox 189 793 444 849; x_wconf 81' lang='lat' dir='ltr'>impugnare</span> <span class='ocrx_word' id='word_1_46' title='bbox 484 796 559 835; x_wconf 90' lang='lat' dir='ltr'>aut</span> <span class='ocrx_word' id='word_1_47' title='bbox 598 793 783 834; x_wconf 86' lang='lat' dir='ltr'>alienare</span> <span class='ocrx_word' id='word_1_48' title='bbox 823 793 913 835; x_wconf 87' lang='lat' dir='ltr'>sine</span> <span class='ocrx_word' id='word_1_49' title='bbox 955 793 1130 835; x_wconf 84' lang='lat' dir='ltr'>licencia</span> <span class='ocrx_word' id='word_1_50' title='bbox 1171 794 1382 835; x_wconf 90' lang='lat' dir='ltr'>dictorum</span> <span class='ocrx_word' id='word_1_51' title='bbox 1419 793 1584 837; x_wconf 87' lang='lat' dir='ltr'>abbatis</span> <span class='ocrx_word' id='word_1_52' title='bbox 1625 801 1666 837; x_wconf 85' lang='lat' dir='ltr'>et</span> <span class='ocrx_word' id='word_1_53' title='bbox 1707 802 1950 838; x_wconf 87' lang='lat' dir='ltr'>conventus.</span> <span class='ocrx_word' id='word_1_54' title='bbox 2012 796 2073 838; x_wconf 85' lang='lat' dir='ltr'>Et</span> <span class='ocrx_word' id='word_1_55' title='bbox 2108 797 2143 839; x_wconf 86' lang='lat' dir='ltr'>si</span> 
     </span>
     <span class='ocr_line' id='line_1_7' title="bbox 189 882 2142 940; baseline 0.003 -15"><span class='ocrx_word' id='word_1_56' title='bbox 189 885 403 939; x_wconf 88' lang='lat' dir='ltr'>predictus</span> <span class='ocrx_word' id='word_1_57' title='bbox 424 882 674 940; x_wconf 88' lang='lat' dir='ltr'>an[n]ualis</span> <span class='ocrx_word' id='word_1_58' title='bbox 694 883 886 925; x_wconf 84' lang='lat' dir='ltr'>redditus</span> <span class='ocrx_word' id='word_1_59' title='bbox 907 884 1051 926; x_wconf 87' lang='lat' dir='ltr'>decem</span> <span class='ocrx_word' id='word_1_60' title='bbox 1073 899 1311 926; x_wconf 87' lang='lat' dir='ltr'>marcarum</span> <span class='ocrx_word' id='word_1_61' title='bbox 1332 884 1521 940; x_wconf 87' lang='lat' dir='ltr'>quinque</span> <span class='ocrx_word' id='word_1_62' title='bbox 1543 900 1780 928; x_wconf 89' lang='lat' dir='ltr'>marcarum</span> <span class='ocrx_word' id='word_1_63' title='bbox 1805 902 1877 929; x_wconf 85' lang='lat' dir='ltr'>sex</span> <span class='ocrx_word' id='word_1_64' title='bbox 1911 887 2142 930; x_wconf 89' lang='lat' dir='ltr'>solidorum</span> 
     </span>
     <span class='ocr_line' id='line_1_8' title="bbox 190 975 2142 1033; baseline 0.002 -17"><span class='ocrx_word' id='word_1_65' title='bbox 190 990 290 1018; x_wconf 81' lang='lat' dir='ltr'>an.</span> <span class='ocrx_word' id='word_1_66' title='bbox 309 975 579 1018; x_wconf 88' lang='lat' dir='ltr'>denariorum</span> <span class='ocrx_word' id='word_1_67' title='bbox 593 980 635 1017; x_wconf 90' lang='lat' dir='ltr'>et</span> <span class='ocrx_word' id='word_1_68' title='bbox 652 990 787 1017; x_wconf 90' lang='lat' dir='ltr'>unum</span> <span class='ocrx_word' id='word_1_69' title='bbox 804 990 1028 1018; x_wconf 86' lang='lat' dir='ltr'>carnocum</span> <span class='ocrx_word' id='word_1_70' title='bbox 1050 976 1186 1018; x_wconf 88' lang='lat' dir='ltr'>salisa</span> <span class='ocrx_word' id='word_1_71' title='bbox 1201 984 1313 1018; x_wconf 87' lang='lat' dir='ltr'>retro</span> <span class='ocrx_word' id='word_1_72' title='bbox 1334 976 1464 1018; x_wconf 75' lang='lat' dir='ltr'>fuerit</span> <span class='ocrx_word' id='word_1_73' title='bbox 1485 977 1530 1019; x_wconf 89' lang='lat' dir='ltr'>in</span> <span class='ocrx_word' id='word_1_74' title='bbox 1552 984 1672 1033; x_wconf 85' lang='lat' dir='ltr'>parte</span> <span class='ocrx_word' id='word_1_75' title='bbox 1687 978 1753 1019; x_wconf 87' lang='lat' dir='ltr'>vel</span> <span class='ocrx_word' id='word_1_76' title='bbox 1774 978 1820 1019; x_wconf 91' lang='lat' dir='ltr'>in</span> <span class='ocrx_word' id='word_1_77' title='bbox 1841 982 1931 1021; x_wconf 89' lang='lat' dir='ltr'>toto</span> <span class='ocrx_word' id='word_1_78' title='bbox 1947 979 2142 1021; x_wconf 87' lang='lat' dir='ltr'>terminis</span> 
     </span>
     <span class='ocr_line' id='line_1_9' title="bbox 189 1065 2139 1122; baseline 0.003 -15"><span class='ocrx_word' id='word_1_79' title='bbox 189 1067 434 1122; x_wconf 80' lang='lat' dir='ltr'>subscriptis</span> <span class='ocrx_word' id='word_1_80' title='bbox 467 1081 518 1108; x_wconf 81' lang='lat' dir='ltr'>ex</span> <span class='ocrx_word' id='word_1_81' title='bbox 556 1073 658 1108; x_wconf 88' lang='lat' dir='ltr'>tunc</span> <span class='ocrx_word' id='word_1_82' title='bbox 689 1065 795 1108; x_wconf 87' lang='lat' dir='ltr'>bene</span> <span class='ocrx_word' id='word_1_83' title='bbox 827 1066 952 1108; x_wconf 89' lang='lat' dir='ltr'>liceat</span> <span class='ocrx_word' id='word_1_84' title='bbox 973 1066 1096 1108; x_wconf 88' lang='lat' dir='ltr'>dictis</span> <span class='ocrx_word' id='word_1_85' title='bbox 1127 1066 1271 1109; x_wconf 88' lang='lat' dir='ltr'>abbati</span> <span class='ocrx_word' id='word_1_86' title='bbox 1293 1072 1334 1109; x_wconf 88' lang='lat' dir='ltr'>et</span> <span class='ocrx_word' id='word_1_87' title='bbox 1356 1069 1584 1110; x_wconf 89' lang='lat' dir='ltr'>conventui</span> <span class='ocrx_word' id='word_1_88' title='bbox 1606 1073 1648 1110; x_wconf 86' lang='lat' dir='ltr'>et</span> <span class='ocrx_word' id='word_1_89' title='bbox 1669 1084 1814 1110; x_wconf 88' lang='lat' dir='ltr'>eorum</span> <span class='ocrx_word' id='word_1_90' title='bbox 1835 1069 2139 1112; x_wconf 82' lang='lat' dir='ltr'>successoribus</span> 
     </span>
     <span class='ocr_line' id='line_1_10' title="bbox 187 1157 2142 1216; baseline 0.002 -18"><span class='ocrx_word' id='word_1_91' title='bbox 187 1172 312 1213; x_wconf 84' lang='lat' dir='ltr'>super</span> <span class='ocrx_word' id='word_1_92' title='bbox 343 1158 518 1199; x_wconf 79' lang='lat' dir='ltr'>feodum</span> <span class='ocrx_word' id='word_1_93' title='bbox 551 1157 662 1199; x_wconf 88' lang='lat' dir='ltr'>dicte</span> <span class='ocrx_word' id='word_1_94' title='bbox 693 1157 873 1213; x_wconf 89' lang='lat' dir='ltr'>grangie</span> <span class='ocrx_word' id='word_1_95' title='bbox 904 1162 946 1199; x_wconf 86' lang='lat' dir='ltr'>et</span> <span class='ocrx_word' id='word_1_96' title='bbox 967 1162 1076 1200; x_wconf 88' lang='lat' dir='ltr'>terre</span> <span class='ocrx_word' id='word_1_97' title='bbox 1099 1159 1352 1214; x_wconf 76' lang='lat' dir='ltr'>distringere</span> <span class='ocrx_word' id='word_1_98' title='bbox 1374 1164 1416 1201; x_wconf 89' lang='lat' dir='ltr'>et</span> <span class='ocrx_word' id='word_1_99' title='bbox 1436 1159 1722 1201; x_wconf 85' lang='lat' dir='ltr'>districciones</span> <span class='ocrx_word' id='word_1_100' title='bbox 1742 1160 1799 1201; x_wconf 89' lang='lat' dir='ltr'>sic</span> <span class='ocrx_word' id='word_1_101' title='bbox 1819 1159 1978 1202; x_wconf 83' lang='lat' dir='ltr'>ibidem</span> <span class='ocrx_word' id='word_1_102' title='bbox 1998 1165 2142 1216; x_wconf 85' lang='lat' dir='ltr'>captas</span> 
     </span>
     <span class='ocr_line' id='line_1_11' title="bbox 185 1249 2139 1307; baseline 0.001 -16"><span class='ocrx_word' id='word_1_103' title='bbox 185 1249 392 1292; x_wconf 88' lang='lat' dir='ltr'>abducere</span> <span class='ocrx_word' id='word_1_104' title='bbox 413 1253 454 1291; x_wconf 89' lang='lat' dir='ltr'>et</span> <span class='ocrx_word' id='word_1_105' title='bbox 476 1252 689 1305; x_wconf 84' lang='lat' dir='ltr'>asportare</span> <span class='ocrx_word' id='word_1_106' title='bbox 711 1253 752 1291; x_wconf 88' lang='lat' dir='ltr'>et</span> <span class='ocrx_word' id='word_1_107' title='bbox 774 1264 902 1304; x_wconf 85' lang='lat' dir='ltr'>penes</span> <span class='ocrx_word' id='word_1_108' title='bbox 922 1264 965 1291; x_wconf 88' lang='lat' dir='ltr'>se</span> <span class='ocrx_word' id='word_1_109' title='bbox 982 1250 1162 1291; x_wconf 86' lang='lat' dir='ltr'>retinere</span> <span class='ocrx_word' id='word_1_110' title='bbox 1179 1251 1311 1292; x_wconf 88' lang='lat' dir='ltr'>donec</span> <span class='ocrx_word' id='word_1_111' title='bbox 1328 1251 1379 1292; x_wconf 86' lang='lat' dir='ltr'>de</span> <span class='ocrx_word' id='word_1_112' title='bbox 1397 1251 1586 1306; x_wconf 85' lang='lat' dir='ltr'>predicta</span> <span class='ocrx_word' id='word_1_113' title='bbox 1607 1249 1835 1307; x_wconf 87' lang='lat' dir='ltr'>an[n]uali</span> <span class='ocrx_word' id='word_1_114' title='bbox 1858 1251 1978 1292; x_wconf 82' lang='lat' dir='ltr'>firma</span> <span class='ocrx_word' id='word_1_115' title='bbox 1995 1252 2139 1294; x_wconf 88' lang='lat' dir='ltr'>decem</span> 
     </span>
     <span class='ocr_line' id='line_1_12' title="bbox 183 1340 2139 1395; baseline 0.002 -13"><span class='ocrx_word' id='word_1_116' title='bbox 183 1355 421 1382; x_wconf 85' lang='lat' dir='ltr'>marcarum</span> <span class='ocrx_word' id='word_1_117' title='bbox 443 1340 630 1395; x_wconf 88' lang='lat' dir='ltr'>quinque</span> <span class='ocrx_word' id='word_1_118' title='bbox 651 1355 890 1381; x_wconf 86' lang='lat' dir='ltr'>marcarum</span> <span class='ocrx_word' id='word_1_119' title='bbox 911 1354 984 1382; x_wconf 83' lang='lat' dir='ltr'>sex</span> <span class='ocrx_word' id='word_1_120' title='bbox 1006 1341 1238 1383; x_wconf 82' lang='lat' dir='ltr'>solidorum</span> <span class='ocrx_word' id='word_1_121' title='bbox 1261 1356 1362 1383; x_wconf 71' lang='grc' dir='ltr'>νη).</span> <span class='ocrx_word' id='word_1_122' title='bbox 1387 1342 1658 1383; x_wconf 86' lang='lat' dir='ltr'>denariorum</span> <span class='ocrx_word' id='word_1_123' title='bbox 1679 1345 1721 1384; x_wconf 91' lang='lat' dir='ltr'>et</span> <span class='ocrx_word' id='word_1_124' title='bbox 1749 1357 1885 1384; x_wconf 90' lang='lat' dir='ltr'>unum</span> <span class='ocrx_word' id='word_1_125' title='bbox 1916 1357 2139 1386; x_wconf 89' lang='lat' dir='ltr'>carnocum</span> 
     </span>
     <span class='ocr_line' id='line_1_13' title="bbox 188 1429 2140 1489; baseline 0.002 -17"><span class='ocrx_word' id='word_1_126' title='bbox 188 1431 286 1473; x_wconf 86' lang='lat' dir='ltr'>salis</span> <span class='ocrx_word' id='word_1_127' title='bbox 307 1446 393 1472; x_wconf 88' lang='lat' dir='ltr'>una</span> <span class='ocrx_word' id='word_1_128' title='bbox 413 1446 510 1472; x_wconf 88' lang='lat' dir='ltr'>cum</span> <span class='ocrx_word' id='word_1_129' title='bbox 532 1429 788 1486; x_wconf 85' lang='lat' dir='ltr'>a[1·e]ragiis</span> <span class='ocrx_word' id='word_1_130' title='bbox 809 1431 843 1472; x_wconf 88' lang='lat' dir='ltr'>si</span> <span class='ocrx_word' id='word_1_131' title='bbox 865 1447 946 1486; x_wconf 90' lang='lat' dir='ltr'>que</span> <span class='ocrx_word' id='word_1_132' title='bbox 967 1431 1129 1474; x_wconf 85' lang='lat' dir='ltr'>fuerint</span> <span class='ocrx_word' id='word_1_133' title='bbox 1150 1433 1338 1488; x_wconf 78' lang='lat' dir='ltr'>plenarie</span> <span class='ocrx_word' id='word_1_134' title='bbox 1355 1433 1622 1474; x_wconf 80' lang='lat' dir='ltr'>satisfactum</span> <span class='ocrx_word' id='word_1_135' title='bbox 1645 1448 1692 1475; x_wconf 91' lang='lat' dir='ltr'>ac</span> <span class='ocrx_word' id='word_1_136' title='bbox 1713 1433 1846 1475; x_wconf 88' lang='lat' dir='ltr'>eciam</span> <span class='ocrx_word' id='word_1_137' title='bbox 1871 1432 1905 1474; x_wconf 87' lang='lat' dir='ltr'>si</span> <span class='ocrx_word' id='word_1_138' title='bbox 1926 1433 2140 1489; x_wconf 80' lang='lat' dir='ltr'>predictus</span> 
     </span>
     <span class='ocr_line' id='line_1_14' title="bbox 189 1509 2137 1578; baseline 0.002 -15"><span class='ocrx_word' id='word_1_139' title='bbox 189 1537 241 1564; x_wconf 88' lang='lat' dir='ltr'>an</span> <span class='ocrx_word' id='word_1_140' title='bbox 250 1521 438 1578; x_wconf 87' lang='lat' dir='ltr'>[n]ualis</span> <span class='ocrx_word' id='word_1_141' title='bbox 458 1522 651 1564; x_wconf 88' lang='lat' dir='ltr'>redditus</span> <span class='ocrx_word' id='word_1_142' title='bbox 671 1523 815 1564; x_wconf 85' lang='lat' dir='ltr'>decem</span> <span class='ocrx_word' id='word_1_143' title='bbox 837 1537 1074 1565; x_wconf 85' lang='lat' dir='ltr'>marcarum</span> <span class='ocrx_word' id='word_1_144' title='bbox 1096 1524 1282 1578; x_wconf 85' lang='lat' dir='ltr'>quinque</span> <span class='ocrx_word' id='word_1_145' title='bbox 1316 1537 1553 1565; x_wconf 85' lang='lat' dir='ltr'>marcarum</span> <span class='ocrx_word' id='word_1_146' title='bbox 1574 1539 1643 1564; x_wconf 80' lang='lat' dir='ltr'>sex</span> <span class='ocrx_word' id='word_1_147' title='bbox 1668 1524 1897 1566; x_wconf 87' lang='lat' dir='ltr'>solidorum</span> <span class='ocrx_word' id='word_1_148' title='bbox 1931 1509 2137 1566; x_wconf 58' lang='lat' dir='ltr'>ans‘de-</span> 
     </span>
     <span class='ocr_line' id='line_1_15' title="bbox 185 1613 2137 1670; baseline 0.002 -16"><span class='ocrx_word' id='word_1_149' title='bbox 185 1613 402 1655; x_wconf 84' lang='lat' dir='ltr'>uariorum</span> <span class='ocrx_word' id='word_1_150' title='bbox 434 1618 477 1655; x_wconf 89' lang='lat' dir='ltr'>et</span> <span class='ocrx_word' id='word_1_151' title='bbox 507 1628 642 1655; x_wconf 86' lang='lat' dir='ltr'>unum</span> <span class='ocrx_word' id='word_1_152' title='bbox 674 1628 898 1655; x_wconf 78' lang='lat' dir='ltr'>carnocum</span> <span class='ocrx_word' id='word_1_153' title='bbox 924 1614 1023 1656; x_wconf 84' lang='lat' dir='ltr'>salis</span> <span class='ocrx_word' id='word_1_154' title='bbox 1053 1629 1078 1655; x_wconf 93' lang='lat' dir='ltr'>a</span> <span class='ocrx_word' id='word_1_155' title='bbox 1107 1623 1219 1656; x_wconf 89' lang='lat' dir='ltr'>retro</span> <span class='ocrx_word' id='word_1_156' title='bbox 1250 1614 1380 1656; x_wconf 73' lang='lat' dir='ltr'>fuerit</span> <span class='ocrx_word' id='word_1_157' title='bbox 1410 1616 1455 1655; x_wconf 91' lang='lat' dir='ltr'>in</span> <span class='ocrx_word' id='word_1_158' title='bbox 1478 1618 1596 1669; x_wconf 82' lang='lat' dir='ltr'>parte</span> <span class='ocrx_word' id='word_1_159' title='bbox 1620 1615 1685 1656; x_wconf 83' lang='lat' dir='ltr'>vel</span> <span class='ocrx_word' id='word_1_160' title='bbox 1716 1615 1760 1656; x_wconf 86' lang='lat' dir='ltr'>in</span> <span class='ocrx_word' id='word_1_161' title='bbox 1793 1621 1881 1656; x_wconf 89' lang='lat' dir='ltr'>toto</span> <span class='ocrx_word' id='word_1_162' title='bbox 1912 1630 1986 1670; x_wconf 87' lang='lat' dir='ltr'>per</span> <span class='ocrx_word' id='word_1_163' title='bbox 2006 1630 2137 1657; x_wconf 82' lang='lat' dir='ltr'>unam</span> 
     </span>
     <span class='ocr_line' id='line_1_16' title="bbox 183 1705 2137 1761; baseline 0.001 -15"><span class='ocrx_word' id='word_1_164' title='bbox 183 1705 445 1760; x_wconf 87' lang='lat' dir='ltr'>quindenam</span> <span class='ocrx_word' id='word_1_165' title='bbox 496 1710 591 1760; x_wconf 87' lang='lat' dir='ltr'>post</span> <span class='ocrx_word' id='word_1_166' title='bbox 641 1705 844 1746; x_wconf 86' lang='lat' dir='ltr'>terminos</span> <span class='ocrx_word' id='word_1_167' title='bbox 894 1705 1087 1760; x_wconf 84' lang='lat' dir='ltr'>superius</span> <span class='ocrx_word' id='word_1_168' title='bbox 1137 1706 1342 1747; x_wconf 82' lang='lat' dir='ltr'>limitatos</span> <span class='ocrx_word' id='word_1_169' title='bbox 1387 1720 1438 1746; x_wconf 74' lang='lat' dir='ltr'>ex</span> <span class='ocrx_word' id='word_1_170' title='bbox 1484 1711 1587 1748; x_wconf 86' lang='lat' dir='ltr'>tunc</span> <span class='ocrx_word' id='word_1_171' title='bbox 1639 1705 1744 1747; x_wconf 92' lang='lat' dir='ltr'>bene</span> <span class='ocrx_word' id='word_1_172' title='bbox 1780 1706 1905 1747; x_wconf 84' lang='lat' dir='ltr'>liceat</span> <span class='ocrx_word' id='word_1_173' title='bbox 1938 1707 2137 1761; x_wconf 86' lang='lat' dir='ltr'>predictis</span> 
     </span>
     <span class='ocr_line' id='line_1_17' title="bbox 182 1796 2135 1853; baseline 0.001 -16"><span class='ocrx_word' id='word_1_174' title='bbox 182 1796 325 1838; x_wconf 86' lang='lat' dir='ltr'>abbati</span> <span class='ocrx_word' id='word_1_175' title='bbox 359 1798 402 1837; x_wconf 88' lang='lat' dir='ltr'>et</span> <span class='ocrx_word' id='word_1_176' title='bbox 437 1796 666 1837; x_wconf 87' lang='lat' dir='ltr'>conventui</span> <span class='ocrx_word' id='word_1_177' title='bbox 700 1800 743 1837; x_wconf 88' lang='lat' dir='ltr'>et</span> <span class='ocrx_word' id='word_1_178' title='bbox 770 1811 917 1837; x_wconf 73' lang='lat' dir='ltr'>eorum</span> <span class='ocrx_word' id='word_1_179' title='bbox 962 1796 1264 1838; x_wconf 77' lang='lat' dir='ltr'>successoribus</span> <span class='ocrx_word' id='word_1_180' title='bbox 1309 1799 1353 1838; x_wconf 93' lang='lat' dir='ltr'>in</span> <span class='ocrx_word' id='word_1_181' title='bbox 1401 1797 1634 1852; x_wconf 81' lang='lat' dir='ltr'>predictam</span> <span class='ocrx_word' id='word_1_182' title='bbox 1684 1797 1910 1853; x_wconf 82' lang='lat' dir='ltr'>grangiam</span> <span class='ocrx_word' id='word_1_183' title='bbox 1952 1801 1995 1839; x_wconf 85' lang='lat' dir='ltr'>et</span> <span class='ocrx_word' id='word_1_184' title='bbox 2042 1812 2135 1853; x_wconf 90' lang='lat' dir='ltr'>pre-</span> 
     </span>
     <span class='ocr_line' id='line_1_18' title="bbox 182 1886 2137 1943; baseline 0.001 -14"><span class='ocrx_word' id='word_1_185' title='bbox 182 1888 339 1929; x_wconf 84' lang='lat' dir='ltr'>dictam</span> <span class='ocrx_word' id='word_1_186' title='bbox 380 1887 609 1943; x_wconf 65' lang='lat' dir='ltr'>part-ellam</span> <span class='ocrx_word' id='word_1_187' title='bbox 641 1896 750 1928; x_wconf 90' lang='lat' dir='ltr'>terre</span> <span class='ocrx_word' id='word_1_188' title='bbox 782 1902 878 1928; x_wconf 90' lang='lat' dir='ltr'>cum</span> <span class='ocrx_word' id='word_1_189' title='bbox 912 1886 1109 1929; x_wconf 88' lang='lat' dir='ltr'>omnibus</span> <span class='ocrx_word' id='word_1_190' title='bbox 1142 1888 1410 1942; x_wconf 87' lang='lat' dir='ltr'>pertinentiis</span> <span class='ocrx_word' id='word_1_191' title='bbox 1445 1888 1531 1929; x_wconf 84' lang='lat' dir='ltr'>suis</span> <span class='ocrx_word' id='word_1_192' title='bbox 1566 1888 1772 1930; x_wconf 84' lang='lat' dir='ltr'>reintrare</span> <span class='ocrx_word' id='word_1_193' title='bbox 1803 1892 1845 1930; x_wconf 89' lang='lat' dir='ltr'>et</span> <span class='ocrx_word' id='word_1_194' title='bbox 1874 1903 1924 1930; x_wconf 85' lang='lat' dir='ltr'>ea</span> <span class='ocrx_word' id='word_1_195' title='bbox 1966 1888 2137 1943; x_wconf 86' lang='lat' dir='ltr'>pacifice</span> 
     </span>
     <span class='ocr_line' id='line_1_19' title="bbox 179 1978 2135 2034; baseline 0 -13"><span class='ocrx_word' id='word_1_196' title='bbox 179 1979 362 2021; x_wconf 88' lang='lat' dir='ltr'>retinere</span> <span class='ocrx_word' id='word_1_197' title='bbox 401 1978 484 2020; x_wconf 90' lang='lat' dir='ltr'>hiis</span> <span class='ocrx_word' id='word_1_198' title='bbox 520 1978 715 2020; x_wconf 90' lang='lat' dir='ltr'>denturis</span> <span class='ocrx_word' id='word_1_199' title='bbox 755 1978 799 2019; x_wconf 90' lang='lat' dir='ltr'>in</span> <span class='ocrx_word' id='word_1_200' title='bbox 841 1979 984 2033; x_wconf 84' lang='lat' dir='ltr'>aliquo</span> <span class='ocrx_word' id='word_1_201' title='bbox 1018 1993 1103 2019; x_wconf 89' lang='lat' dir='ltr'>non</span> <span class='ocrx_word' id='word_1_202' title='bbox 1146 1978 1423 2021; x_wconf 84' lang='lat' dir='ltr'>obstantibus.</span> <span class='ocrx_word' id='word_1_203' title='bbox 1504 1980 1571 2021; x_wconf 90' lang='lat' dir='ltr'>Ac</span> <span class='ocrx_word' id='word_1_204' title='bbox 1613 1979 1745 2021; x_wconf 76' lang='lat' dir='ltr'>eciam</span> <span class='ocrx_word' id='word_1_205' title='bbox 1786 1979 1999 2034; x_wconf 87' lang='lat' dir='ltr'>predictus</span> <span class='ocrx_word' id='word_1_206' title='bbox 2038 1994 2135 2021; x_wconf 90' lang='lat' dir='ltr'>con-</span> 
     </span>
     <span class='ocr_line' id='line_1_20' title="bbox 179 2068 2135 2126; baseline 0 -14"><span class='ocrx_word' id='word_1_207' title='bbox 179 2073 332 2112; x_wconf 87' lang='lat' dir='ltr'>ventus</span> <span class='ocrx_word' id='word_1_208' title='bbox 381 2068 602 2111; x_wconf 88' lang='lat' dir='ltr'>habebunt</span> <span class='ocrx_word' id='word_1_209' title='bbox 652 2069 854 2111; x_wconf 85' lang='lat' dir='ltr'>solacium</span> <span class='ocrx_word' id='word_1_210' title='bbox 910 2070 956 2111; x_wconf 91' lang='lat' dir='ltr'>in</span> <span class='ocrx_word' id='word_1_211' title='bbox 1006 2071 1196 2125; x_wconf 87' lang='lat' dir='ltr'>predicta</span> <span class='ocrx_word' id='word_1_212' title='bbox 1250 2070 1433 2126; x_wconf 84' lang='lat' dir='ltr'>grangia</span> <span class='ocrx_word' id='word_1_213' title='bbox 1484 2070 1708 2112; x_wconf 89' lang='lat' dir='ltr'>annuatim</span> <span class='ocrx_word' id='word_1_214' title='bbox 1763 2070 1809 2111; x_wconf 90' lang='lat' dir='ltr'>in</span> <span class='ocrx_word' id='word_1_215' title='bbox 1865 2070 1932 2112; x_wconf 86' lang='lat' dir='ltr'>die</span> <span class='ocrx_word' id='word_1_216' title='bbox 1988 2069 2135 2112; x_wconf 83' lang='lat' dir='ltr'>Sancti</span> 
     </span>
     <span class='ocr_line' id='line_1_21' title="bbox 180 2160 2132 2216; baseline 0.002 -15"><span class='ocrx_word' id='word_1_217' title='bbox 180 2160 499 2202; x_wconf 79' lang='lat' dir='ltr'>THEODORICHI</span> <span class='ocrx_word' id='word_1_218' title='bbox 531 2160 764 2215; x_wconf 87' lang='lat' dir='ltr'>presbiteri.</span> <span class='ocrx_word' id='word_1_219' title='bbox 842 2160 902 2202; x_wconf 76' lang='lat' dir='ltr'>Et</span> <span class='ocrx_word' id='word_1_220' title='bbox 934 2161 969 2202; x_wconf 90' lang='lat' dir='ltr'>si</span> <span class='ocrx_word' id='word_1_221' title='bbox 1005 2161 1226 2216; x_wconf 80' lang='lat' dir='ltr'>contingat</span> <span class='ocrx_word' id='word_1_222' title='bbox 1268 2161 1478 2216; x_wconf 86' lang='lat' dir='ltr'>predictos</span> <span class='ocrx_word' id='word_1_223' title='bbox 1509 2160 1731 2202; x_wconf 83' lang='lat' dir='ltr'>HOWELL&#39;</span> <span class='ocrx_word' id='word_1_224' title='bbox 1757 2194 1765 2202; x_wconf 92' lang='lat'>.</span> <span class='ocrx_word' id='word_1_225' title='bbox 1802 2161 2099 2204; x_wconf 68' lang='lat' dir='ltr'>W1LLELMUM</span> <span class='ocrx_word' id='word_1_226' title='bbox 2123 2194 2132 2204; x_wconf 88' lang='lat'><strong>.</strong></span> 
     </span>
     <span class='ocr_line' id='line_1_22' title="bbox 180 2250 2134 2307; baseline 0 -14"><span class='ocrx_word' id='word_1_227' title='bbox 180 2251 337 2294; x_wconf 63' lang='lat' dir='ltr'>DAvm</span> <span class='ocrx_word' id='word_1_228' title='bbox 359 2255 401 2292; x_wconf 89' lang='lat' dir='ltr'>et</span> <span class='ocrx_word' id='word_1_229' title='bbox 426 2250 584 2293; x_wconf 68' lang='lat' dir='ltr'>GuoNo</span> <span class='ocrx_word' id='word_1_230' title='bbox 605 2254 679 2292; x_wconf 88' lang='lat' dir='ltr'>aut</span> <span class='ocrx_word' id='word_1_231' title='bbox 701 2250 888 2305; x_wconf 86' lang='lat' dir='ltr'>aliquem</span> <span class='ocrx_word' id='word_1_232' title='bbox 910 2266 1052 2292; x_wconf 86' lang='lat' dir='ltr'>eorum</span> <span class='ocrx_word' id='word_1_233' title='bbox 1077 2251 1232 2292; x_wconf 87' lang='lat' dir='ltr'>dictam</span> <span class='ocrx_word' id='word_1_234' title='bbox 1265 2251 1492 2306; x_wconf 79' lang='lat' dir='ltr'>grangiam</span> <span class='ocrx_word' id='word_1_235' title='bbox 1523 2254 1597 2293; x_wconf 83' lang='lat' dir='ltr'>aut</span> <span class='ocrx_word' id='word_1_236' title='bbox 1627 2252 1815 2306; x_wconf 85' lang='lat' dir='ltr'>aliquam</span> <span class='ocrx_word' id='word_1_237' title='bbox 1845 2252 1940 2307; x_wconf 87' lang='lat' dir='ltr'>ejus</span> <span class='ocrx_word' id='word_1_238' title='bbox 1970 2257 2134 2307; x_wconf 90' lang='lat' dir='ltr'>partem</span> 
     </span>
     <span class='ocr_line' id='line_1_23' title="bbox 181 2341 2136 2398; baseline 0 -14"><span class='ocrx_word' id='word_1_239' title='bbox 181 2344 364 2384; x_wconf 86' lang='lat' dir='ltr'>vendere</span> <span class='ocrx_word' id='word_1_240' title='bbox 386 2342 641 2398; x_wconf 84' lang='lat' dir='ltr'>impugnare</span> <span class='ocrx_word' id='word_1_241' title='bbox 665 2347 739 2383; x_wconf 82' lang='lat' dir='ltr'>aut</span> <span class='ocrx_word' id='word_1_242' title='bbox 760 2341 947 2397; x_wconf 89' lang='lat' dir='ltr'>aliquem</span> <span class='ocrx_word' id='word_1_243' title='bbox 968 2342 1292 2397; x_wconf 79' lang='lat' dir='ltr'>parcennarium</span> <span class='ocrx_word' id='word_1_244' title='bbox 1314 2348 1528 2397; x_wconf 86' lang='lat' dir='ltr'>acceptare</span> <span class='ocrx_word' id='word_1_245' title='bbox 1549 2346 1624 2384; x_wconf 89' lang='lat' dir='ltr'>aut</span> <span class='ocrx_word' id='word_1_246' title='bbox 1645 2342 1829 2384; x_wconf 87' lang='lat' dir='ltr'>alienare</span> <span class='ocrx_word' id='word_1_247' title='bbox 1850 2342 1940 2385; x_wconf 90' lang='lat' dir='ltr'>sine</span> <span class='ocrx_word' id='word_1_248' title='bbox 1960 2342 2136 2384; x_wconf 88' lang='lat' dir='ltr'>licencia</span> 
     </span>
     <span class='ocr_line' id='line_1_24' title="bbox 179 2432 2134 2475; baseline 0 0"><span class='ocrx_word' id='word_1_249' title='bbox 179 2433 390 2475; x_wconf 87' lang='lat' dir='ltr'>dictorum</span> <span class='ocrx_word' id='word_1_250' title='bbox 411 2432 577 2474; x_wconf 87' lang='lat' dir='ltr'>abbatis</span> <span class='ocrx_word' id='word_1_251' title='bbox 598 2437 640 2473; x_wconf 90' lang='lat' dir='ltr'>et</span> <span class='ocrx_word' id='word_1_252' title='bbox 662 2437 894 2474; x_wconf 88' lang='lat' dir='ltr'>conventus</span> <span class='ocrx_word' id='word_1_253' title='bbox 916 2436 991 2474; x_wconf 88' lang='lat' dir='ltr'>aut</span> <span class='ocrx_word' id='word_1_254' title='bbox 1019 2432 1223 2474; x_wconf 74' lang='lat' dir='ltr'>feloniam</span> <span class='ocrx_word' id='word_1_255' title='bbox 1251 2433 1513 2475; x_wconf 83' lang='lat' dir='ltr'>committere</span> <span class='ocrx_word' id='word_1_256' title='bbox 1539 2438 1615 2474; x_wconf 82' lang='lat' dir='ltr'>aut</span> <span class='ocrx_word' id='word_1_257' title='bbox 1635 2434 1856 2475; x_wconf 88' lang='lat' dir='ltr'>dominum</span> <span class='ocrx_word' id='word_1_258' title='bbox 1886 2433 2134 2475; x_wconf 83' lang='lat' dir='ltr'>disclamare</span> 
     </span>
     <span class='ocr_line' id='line_1_25' title="bbox 182 2523 2133 2580; baseline -0.001 -14"><span class='ocrx_word' id='word_1_259' title='bbox 182 2528 257 2566; x_wconf 85' lang='lat' dir='ltr'>aut</span> <span class='ocrx_word' id='word_1_260' title='bbox 278 2523 486 2565; x_wconf 86' lang='lat' dir='ltr'>sufficiens</span> <span class='ocrx_word' id='word_1_261' title='bbox 507 2523 716 2565; x_wconf 89' lang='lat' dir='ltr'>districcio</span> <span class='ocrx_word' id='word_1_262' title='bbox 739 2524 790 2565; x_wconf 89' lang='lat' dir='ltr'>de</span> <span class='ocrx_word' id='word_1_263' title='bbox 816 2524 934 2565; x_wconf 85' lang='lat' dir='ltr'>bonis</span> <span class='ocrx_word' id='word_1_264' title='bbox 964 2539 1110 2565; x_wconf 84' lang='lat' dir='ltr'>eorum</span> <span class='ocrx_word' id='word_1_265' title='bbox 1141 2539 1266 2579; x_wconf 88' lang='lat' dir='ltr'>super</span> <span class='ocrx_word' id='word_1_266' title='bbox 1295 2524 1470 2565; x_wconf 69' lang='lat' dir='ltr'>feodum</span> <span class='ocrx_word' id='word_1_267' title='bbox 1501 2525 1612 2566; x_wconf 90' lang='lat' dir='ltr'>dicte</span> <span class='ocrx_word' id='word_1_268' title='bbox 1633 2524 1813 2580; x_wconf 86' lang='lat' dir='ltr'>grangie</span> <span class='ocrx_word' id='word_1_269' title='bbox 1834 2527 1877 2566; x_wconf 90' lang='lat' dir='ltr'>et</span> <span class='ocrx_word' id='word_1_270' title='bbox 1907 2527 2017 2566; x_wconf 86' lang='lat' dir='ltr'>terre</span> <span class='ocrx_word' id='word_1_271' title='bbox 2046 2538 2133 2566; x_wconf 91' lang='lat' dir='ltr'>non</span> 
     </span>
     <span class='ocr_line' id='line_1_26' title="bbox 177 2613 2126 2671; baseline -0.001 -14"><span class='ocrx_word' id='word_1_272' title='bbox 177 2616 332 2671; x_wconf 84' lang='lat' dir='ltr'>poterit</span> <span class='ocrx_word' id='word_1_273' title='bbox 351 2615 535 2670; x_wconf 89' lang='lat' dir='ltr'>reperire</span> <span class='ocrx_word' id='word_1_274' title='bbox 560 2616 647 2669; x_wconf 69' lang='lat' dir='ltr'>(stc)</span> <span class='ocrx_word' id='word_1_275' title='bbox 675 2630 726 2656; x_wconf 80' lang='lat' dir='ltr'>ex</span> <span class='ocrx_word' id='word_1_276' title='bbox 751 2619 853 2656; x_wconf 86' lang='lat' dir='ltr'>tunc</span> <span class='ocrx_word' id='word_1_277' title='bbox 873 2614 979 2656; x_wconf 89' lang='lat' dir='ltr'>bene</span> <span class='ocrx_word' id='word_1_278' title='bbox 999 2615 1123 2656; x_wconf 80' lang='lat' dir='ltr'>liceat</span> <span class='ocrx_word' id='word_1_279' title='bbox 1145 2615 1268 2656; x_wconf 83' lang='lat' dir='ltr'>dictis</span> <span class='ocrx_word' id='word_1_280' title='bbox 1299 2613 1443 2656; x_wconf 88' lang='lat' dir='ltr'>abbati</span> <span class='ocrx_word' id='word_1_281' title='bbox 1465 2618 1507 2656; x_wconf 88' lang='lat' dir='ltr'>et</span> <span class='ocrx_word' id='word_1_282' title='bbox 1529 2615 1757 2656; x_wconf 87' lang='lat' dir='ltr'>conventui</span> <span class='ocrx_word' id='word_1_283' title='bbox 1787 2619 1830 2657; x_wconf 89' lang='lat' dir='ltr'>et</span> <span class='ocrx_word' id='word_1_284' title='bbox 1860 2629 2006 2657; x_wconf 86' lang='lat' dir='ltr'>eorum</span> <span class='ocrx_word' id='word_1_285' title='bbox 2035 2630 2126 2656; x_wconf 89' lang='lat' dir='ltr'>suc-</span> 
     </span>
     <span class='ocr_line' id='line_1_27' title="bbox 183 2704 2131 2762; baseline 0 -14"><span class='ocrx_word' id='word_1_286' title='bbox 183 2704 413 2748; x_wconf 89' lang='lat' dir='ltr'>cessoribus</span> <span class='ocrx_word' id='word_1_287' title='bbox 434 2705 480 2746; x_wconf 92' lang='lat' dir='ltr'>in</span> <span class='ocrx_word' id='word_1_288' title='bbox 501 2704 660 2746; x_wconf 88' lang='lat' dir='ltr'>dictam</span> <span class='ocrx_word' id='word_1_289' title='bbox 683 2705 911 2762; x_wconf 86' lang='lat' dir='ltr'>grangiam</span> <span class='ocrx_word' id='word_1_290' title='bbox 942 2709 985 2747; x_wconf 83' lang='lat' dir='ltr'>et</span> <span class='ocrx_word' id='word_1_291' title='bbox 1017 2706 1176 2747; x_wconf 82' lang='lat' dir='ltr'>dictam</span> <span class='ocrx_word' id='word_1_292' title='bbox 1207 2709 1363 2746; x_wconf 83' lang='lat' dir='ltr'>terram</span> <span class='ocrx_word' id='word_1_293' title='bbox 1394 2719 1490 2747; x_wconf 86' lang='lat' dir='ltr'>cum</span> <span class='ocrx_word' id='word_1_294' title='bbox 1521 2705 1718 2747; x_wconf 90' lang='lat' dir='ltr'>omnibus</span> <span class='ocrx_word' id='word_1_295' title='bbox 1748 2705 2016 2760; x_wconf 85' lang='lat' dir='ltr'>pertinentiis</span> <span class='ocrx_word' id='word_1_296' title='bbox 2046 2705 2131 2748; x_wconf 87' lang='lat' dir='ltr'>suis</span> 
     </span>
     <span class='ocr_line' id='line_1_28' title="bbox 183 2795 2130 2851; baseline 0.001 -13"><span class='ocrx_word' id='word_1_297' title='bbox 183 2797 341 2838; x_wconf 87' lang='lat' dir='ltr'>intrare</span> <span class='ocrx_word' id='word_1_298' title='bbox 363 2802 406 2837; x_wconf 88' lang='lat' dir='ltr'>et</span> <span class='ocrx_word' id='word_1_299' title='bbox 425 2796 561 2851; x_wconf 88' lang='lat' dir='ltr'>ipsam</span> <span class='ocrx_word' id='word_1_300' title='bbox 583 2796 755 2851; x_wconf 87' lang='lat' dir='ltr'>pacifice</span> <span class='ocrx_word' id='word_1_301' title='bbox 777 2796 960 2838; x_wconf 88' lang='lat' dir='ltr'>retinere</span> <span class='ocrx_word' id='word_1_302' title='bbox 981 2795 1059 2837; x_wconf 89' lang='lat' dir='ltr'>hac</span> <span class='ocrx_word' id='word_1_303' title='bbox 1079 2796 1309 2837; x_wconf 88' lang='lat' dir='ltr'>indentura</span> <span class='ocrx_word' id='word_1_304' title='bbox 1328 2796 1374 2837; x_wconf 87' lang='lat' dir='ltr'>in</span> <span class='ocrx_word' id='word_1_305' title='bbox 1405 2795 1547 2851; x_wconf 86' lang='lat' dir='ltr'>aliquo</span> <span class='ocrx_word' id='word_1_306' title='bbox 1578 2810 1664 2837; x_wconf 92' lang='lat' dir='ltr'>non</span> <span class='ocrx_word' id='word_1_307' title='bbox 1696 2795 1901 2837; x_wconf 86' lang='lat' dir='ltr'>obstante.</span> <span class='ocrx_word' id='word_1_308' title='bbox 1963 2795 2024 2838; x_wconf 80' lang='lat' dir='ltr'>Et</span> <span class='ocrx_word' id='word_1_309' title='bbox 2054 2811 2130 2839; x_wconf 82' lang='lat' dir='ltr'>nos</span> 
     </span>
     <span class='ocr_line' id='line_1_29' title="bbox 184 2886 2130 2942; baseline -0.001 -12"><span class='ocrx_word' id='word_1_310' title='bbox 184 2903 282 2930; x_wconf 86' lang='lat' dir='ltr'>vero</span> <span class='ocrx_word' id='word_1_311' title='bbox 303 2887 483 2942; x_wconf 84' lang='lat' dir='ltr'>predicti</span> <span class='ocrx_word' id='word_1_312' title='bbox 504 2886 634 2928; x_wconf 84' lang='lat' dir='ltr'>abbas</span> <span class='ocrx_word' id='word_1_313' title='bbox 655 2891 696 2928; x_wconf 88' lang='lat' dir='ltr'>et</span> <span class='ocrx_word' id='word_1_314' title='bbox 720 2891 953 2929; x_wconf 87' lang='lat' dir='ltr'>conventus</span> <span class='ocrx_word' id='word_1_315' title='bbox 973 2887 1131 2928; x_wconf 85' lang='lat' dir='ltr'>dictam</span> <span class='ocrx_word' id='word_1_316' title='bbox 1153 2886 1380 2941; x_wconf 85' lang='lat' dir='ltr'>grangiam</span> <span class='ocrx_word' id='word_1_317' title='bbox 1401 2901 1497 2928; x_wconf 92' lang='lat' dir='ltr'>cum</span> <span class='ocrx_word' id='word_1_318' title='bbox 1526 2886 1795 2942; x_wconf 86' lang='lat' dir='ltr'>pertinentiis</span> <span class='ocrx_word' id='word_1_319' title='bbox 1825 2886 1911 2927; x_wconf 86' lang='lat' dir='ltr'>suis</span> <span class='ocrx_word' id='word_1_320' title='bbox 1939 2887 1986 2928; x_wconf 89' lang='lat' dir='ltr'>in</span> <span class='ocrx_word' id='word_1_321' title='bbox 2016 2887 2130 2929; x_wconf 87' lang='lat' dir='ltr'>dicta</span> 
     </span>
    </p>
   </div>
   <div class='ocr_carea' id='block_1_3' title="bbox 181 2975 2124 3035">
    <p class='ocr_par' dir='ltr' id='par_1_3' title="bbox 181 2975 2124 3035">
     <span class='ocr_line' id='line_1_30' title="bbox 181 2975 2124 3035; baseline 0 -16"><span class='ocrx_word' id='word_1_322' title='bbox 181 2978 363 3035; x_wconf 80' lang='lat' dir='ltr'>parcella</span> <span class='ocrx_word' id='word_1_323' title='bbox 393 2983 501 3019; x_wconf 87' lang='lat' dir='ltr'>terre</span> <span class='ocrx_word' id='word_1_324' title='bbox 532 2991 630 3019; x_wconf 92' lang='lat' dir='ltr'>cum</span> <span class='ocrx_word' id='word_1_325' title='bbox 669 2977 938 3033; x_wconf 85' lang='lat' dir='ltr'>pertinentiis</span> <span class='ocrx_word' id='word_1_326' title='bbox 977 2977 1064 3019; x_wconf 85' lang='lat' dir='ltr'>suis</span> <span class='ocrx_word' id='word_1_327' title='bbox 1104 2977 1290 3032; x_wconf 84' lang='lat' dir='ltr'>exceptis</span> <span class='ocrx_word' id='word_1_328' title='bbox 1330 2978 1592 3032; x_wconf 78' lang='lat' dir='ltr'>preexceptis</span> <span class='ocrx_word' id='word_1_329' title='bbox 1632 2976 1831 3031; x_wconf 86' lang='lat' dir='ltr'>predictis</span> <span class='ocrx_word' id='word_1_330' title='bbox 1871 2975 2092 3018; x_wconf 77' lang='lat' dir='ltr'>HowELL’</span> <span class='ocrx_word' id='word_1_331' title='bbox 2115 3010 2124 3019; x_wconf 89' lang='lat'>.</span> 
     </span>
    </p>
   </div>
  </div>
 </body>
</html>
