2362 3392
251 268 363 310 2078

1016 474 1320 517 MOOOOLH.

192 590 568 636 QUIT-OLAIM
628 590 714 632 BY
763 589 1057 633 WILLIAM
1117 590 1374 633 THOMAS
1423 590 1746 634 AYLWARD
1797 591 1874 634 ΤΟ
1924 592 1953 635 J
1955 593 2137 637 EUAN

335 681 418 724 ΑΡ
480 681 812 724 GRUFFITH
875 681 953 724 OF
1015 680 1223 724 LANDS
1284 681 1356 724 IN
1421 681 1680 734 KENFIG,
1735 681 1858 725 FOR
1915 682 2132 727 THREE

339 772 602 816 POUNDS.

369 880 612 937 [CHARTER
641 894 899 923 BELONGING
929 893 983 921 'ro
1014 879 1106 922 MR.
1140 880 1195 923 R.
1228 880 1301 925 W.
1332 880 1622 923 LLEWELLYN
1653 895 1706 923 OF
1738 880 1968 938 BAGLAN]

1413 982 1469 1023 22
1499 980 1622 1022 Mn.
1685 981 1738 1023 15
1769 981 1893 1023 Emz.
1958 983 2082 1024 1573.

247 1094 456 1138 Omnibus
489 1095 675 1138 OHmsrl
711 1095 907 1138 fidelibus
948 1096 1002 1138 ad
1031 1111 1135 1151 quos
1166 1096 1244 1138 hoc
1273 1112 1443 1153 presens
1471 1097 1675 1153 scriptum
1705 1097 1943 1152 pervenerit
1985 1132 1994 1140 .
2036 1097 2134 1154 Ego

187 1186 473 1231 WILLELMUS
503 1186 691 1230 THOMAs
721 1187 958 1229 AYLWARD
984 1187 1031 1229 in
1058 1187 1159 1230 ville
1192 1189 1244 1230 de
1280 1187 1498 1230 KENFIEG
1528 1187 1574 1229 in
1602 1187 1807 1230 comitatu
1832 1187 2133 1231 GLAMORGAN'

189 1293 416 1335 generosus
436 1278 617 1321 salutem
637 1279 683 1320 in
705 1279 892 1321 Domino
926 1278 1241 1335 sempiternam.

244 1378 461 1421 Noveritis
475 1393 544 1421 me
559 1378 774 1434 prefatum
787 1378 1090 1422 WILLELMUM
1104 1377 1294 1421 THOMAs
1309 1378 1544 1420 AYLWARD
1558 1378 1603 1420 in
1621 1378 1956 1421 consideracione
1975 1394 2134 1422 somme

186 1471 323 1514 tribus
342 1470 462 1514 libris
491 1471 642 1527 legalis
671 1474 840 1513 monete
870 1470 1054 1514 ANGLm
1085 1471 1214 1513 michi
1245 1485 1319 1526 per
1349 1470 1378 1512 J
1383 1484 1504 1511 EUAN
1536 1484 1590 1524 ap
1622 1467 1865 1511 GRUFFITH
1896 1484 1970 1524 pre
1999 1470 2135 1512 mani-

184 1562 263 1605 bus
293 1563 428 1605 solute
458 1561 665 1605 remisisse
696 1563 903 1605 relaxasse
934 1566 976 1605 et
1007 1563 1151 1605 omnia
1182 1576 1258 1618 pro
1288 1576 1356 1603 me
1387 1564 1429 1603 et
1451 1560 1676 1603 heredibus
1696 1561 1800 1602 meis
1820 1560 2135 1616 imperpetuum

187 1654 381 1709 quietum
402 1653 602 1696 clamasse
623 1654 736 1697 dicto
757 1653 786 1696 J
790 1668 911 1696 EUAN
941 1669 995 1709 ap
1027 1652 1269 1696 GRUFFITH
1301 1651 1527 1694 heredibus
1557 1654 1599 1692 et
1630 1651 1857 1707 assignatis
1887 1651 1973 1693 suis
2003 1655 2148 1695 totum

185 1744 256 1801 jus
285 1759 429 1787 meum
459 1744 637 1787 titulum
668 1744 876 1787 clameum
897 1747 1056 1786 statum
1083 1744 1339 1786 demandam
1371 1745 1411 1784 et
1442 1742 1642 1784 interesse
1674 1757 1755 1797 que
1786 1757 1976 1797 unquam
2005 1742 2136 1786 habui

187 1835 328 1878 habuc
349 1850 422 1878 scu
449 1836 723 1891 quovismodo
744 1835 988 1878 infuturum
1010 1834 1165 1877 habere
1185 1838 1331 1891 potero
1354 1834 1419 1875 vel
1448 1833 1634 1889 poterint
1656 1832 1830 1874 heredes
1851 1833 1934 1874 mei
1955 1834 2007 1876 de
2027 1836 2070 1876 et
2090 1834 2136 1876 in

188 1926 316 1969 unius
351 1941 444 1968 acre
479 1931 521 1968 et
554 1926 783 1968 dimidium
814 1926 942 1968 unius
982 1940 1119 1968 acrem
1161 1930 1292 1967 terras
1328 1924 1558 1966 arabilibus
1590 1923 1721 1979 pratis
1753 1927 1794 1965 et
1830 1924 2012 1978 pasturis
2042 1939 2139 1966 cum

187 2017 384 2060 omnibus
405 2021 447 2059 et
468 2017 648 2073 singulis
669 2033 815 2060 eorum
835 2017 1004 2074 juribus
1024 2022 1065 2059 et
1087 2016 1359 2073 pertinenciis
1382 2015 1550 2057 situatis
1581 2018 1621 2056 et
1642 2014 1886 2070 jacencibus
1906 2015 1950 2056 in
1972 2015 2073 2057 ville
2094 2018 2137 2058 et

188 2108 482 2151 ffraunchesiis
521 2108 720 2164 predictis
763 2111 891 2164 prout
940 2108 1100 2151 ibidem
1141 2107 1285 2163 jacent
1326 2106 1563 2148 seituantur
1612 2109 1654 2148 et
1704 2109 2024 2161 angnoscuntur
2062 2121 2138 2162 per

194 2199 392 2255 antiquas
424 2213 520 2241 suas
551 2202 686 2242 metas
721 2202 761 2241 et
786 2199 949 2242 bondas
977 2200 1031 2241 ad
1061 2199 1106 2241 in
1137 2198 1343 2239 limitatas
1369 2200 1482 2239 inter
1508 2200 1642 2239 terras
1669 2197 1774 2238 ANE
1802 2196 1889 2238 vr’z
1919 2197 2142 2240 WILLIAM

194 2290 321 2332 vidue
363 2304 415 2331 ex
457 2292 577 2343 parte
627 2288 785 2331 boreali
835 2295 876 2332 et
926 2289 1152 2333 horientali
1202 2292 1244 2331 et
1294 2293 1403 2331 terre
1455 2288 1577 2330 Rms
1628 2288 1819 2330 TnoMAs
1861 2288 2045 2331 MELEN’
2090 2305 2142 2332 ex

196 2383 316 2436 parte
352 2380 607 2422 oxcidentali
642 2383 685 2422 et
723 2380 836 2422 viam
870 2382 1040 2423 domine
1078 2381 1246 2437 Regine
1281 2380 1452 2421 nomine
1492 2379 1568 2421 YR
1603 2379 1782 2421 HEWLE
1823 2379 1943 2421 LAsE
1979 2381 2146 2436 anglice

197 2469 300 2513 THE
335 2470 497 2513 GRYNE
535 2470 683 2514 WAYE
717 2486 770 2513 ex
805 2474 925 2527 parte
958 2472 1158 2513 austriale
1201 2506 1209 2513 .
1253 2470 1323 2512 Ita
1356 2470 1553 2512 videlicet
1586 2471 1699 2525 quod
1734 2485 1810 2512 nec
1845 2485 1924 2526 ego
1956 2471 2144 2526 prefatus

200 2561 484 2605 WILLELMUS
505 2561 695 2604 THoMAs
716 2563 981 2604 AYLWORTH
1010 2577 1086 2604 neo
1114 2562 1290 2605 heredes
1319 2562 1403 2604 mei
1432 2576 1509 2604 nec
1539 2561 1693 2617 aliquis
1723 2561 1833 2603 alius
1863 2577 1936 2617 per
1965 2577 2042 2604 nos
2067 2577 2144 2618 pro

199 2653 321 2696 nobis
351 2668 425 2695 seu
456 2653 627 2696 nomine
656 2657 801 2697 nostro
831 2654 1005 2710 aliquod
1034 2654 1105 2711 jus
1136 2654 1312 2696 titulum
1352 2654 1559 2696 clameum
1594 2656 1753 2695 statum
1783 2654 2040 2696 demandam
2070 2669 2144 2697 seu

198 2745 398 2788 interesse
424 2745 476 2787 de
507 2749 549 2787 et
569 2745 615 2787 in
635 2745 848 2800 premissis
868 2761 945 2788 nec
965 2746 1010 2787 in
1032 2746 1175 2801 aliqua
1202 2745 1301 2787 inde
1331 2745 1515 2801 parcella
1547 2746 1738 2787 decetero
1769 2745 1939 2801 exigere
1964 2746 2144 2788 clamare

200 2851 272 2878 seu
293 2835 514 2878 vendicare
536 2836 767 2891 poterimus
787 2852 864 2878 nec
885 2836 1086 2879 debemus
1105 2836 1150 2878 in
1171 2836 1367 2878 futurum
1389 2836 1461 2877 sed
1488 2835 1541 2877 ab
1572 2835 1689 2877 omni
1713 2836 1880 2878 accione
1899 2835 1996 2892 jure
2016 2836 2143 2879 titulo

200 2927 357 2969 clameo
398 2929 511 2968 statu
542 2927 754 2968 demanda
787 2942 860 2969 seu
894 2927 1094 2969 interesse
1125 2927 1225 2968 inde
1261 2926 1432 2982 penitus
1467 2926 1597 2968 simus
1635 2926 1794 2968 exclusi
1828 2926 2143 2982 imperpetuum

201 3032 275 3072 per
300 3019 513 3072 presentes
536 3050 544 3058 .
568 3017 627 3059 Et
649 3031 728 3073 ego
749 3032 847 3059 vero
872 3018 1085 3073 predictus
1106 3017 1391 3060 WHJAELMUS
1412 3015 1598 3058 THOMAS
1620 3017 1885 3058 Annivm„
1906 3021 1947 3059 et
1972 3017 2146 3060 heredes
