2362 3392
377 279 488 321 1932

317 487 370 528 de
391 486 521 530 Novo
543 486 713 530 CASTRo
737 521 744 529 .
769 487 1011 530 GYLBERTO
1043 488 1246 530 MORGAN
1280 521 1288 529 .
1321 486 1520 529 PHILIPE
1552 487 1805 529 MEREDITH
1828 522 1836 529 .
1861 487 1890 531 J
1894 502 2014 530 EvAN
2035 503 2089 543 ap
2110 487 2139 530 J
2142 502 2263 530 EvAN

316 576 483 619 BAGHT
505 612 514 621 .
539 578 632 621 RES
652 593 706 634 ap
728 577 906 621 Hom!
927 578 1034 621 Dm
1057 613 1065 621 .
1090 581 1132 621 et
1153 578 1414 621 TRAHERNE
1442 577 1649 620 WYLLYM
1671 581 1714 621 et
1733 578 1881 621 multis
1902 579 2010 621 aliis.

373 668 540 711 Datum
570 669 685 725 apud
715 668 909 711 ARGOED
937 684 1059 711 AVEN
1091 669 1288 712 vicesimo
1319 673 1436 711 sexto
1467 669 1536 711 die
1566 668 1828 725 Septembris
1849 685 1962 712 anno
1982 669 2107 724 regni
2127 669 2262 726 Regis

315 759 522 802 HENRICI
544 761 682 803 octavi
703 760 787 803 Dei
807 761 948 816 gratia
968 761 1152 803 ANGLIE
1177 760 1383 802 Famem
1405 764 1447 802 et
1468 760 1709 802 HIBERNIE
1743 760 1876 816 Regis
1906 760 2005 802 fidei
2035 759 2267 802 defensoris
2340 795 2344 800 .

312 854 355 893 et
375 851 421 893 in
442 855 555 894 terra
576 867 850 908 suppremum
876 852 964 907 (sic)
1003 853 1273 894 ANGMCANE
1305 856 1346 894 et
1379 851 1643 894 HIBERNICE
1674 852 1843 894 ecclesie
1873 851 2024 907 capitis
2053 851 2263 893 tricesimo

313 945 477 997 quarto.

371 1032 489 1075 Four
520 1033 645 1075 small
677 1034 816 1089 signet
853 1034 972 1084 seals,
1008 1034 1082 1076 red
1123 1048 1231 1075 wax,
1308 1033 1429 1075 Each
1465 1033 1586 1076 bears
1618 1032 1690 1075 the
1725 1047 1838 1074 same
1871 1032 2144 1087 impressionz
2192 1032 2265 1074 the

312 1123 475 1166 initials
507 1127 516 1146 ‘
536 1123 607 1167 W.
632 1123 700 1166 B!

1083 1340 1493 1384 MCOOLXXVH.

309 1447 579 1491 LIGENOE
598 1448 674 1491 TO
692 1448 795 1492 SIR
820 1448 1110 1492 RIOHARD
1130 1448 1471 1500 WILLIAMS,
1491 1448 1870 1492 OTHERWISE
1892 1448 2263 1501 OROMWELL,

450 1538 526 1582 TO
578 1539 907 1582 ALIENATE
967 1539 1098 1582 THE
1149 1539 1376 1582 MANOR
1427 1540 1506 1582 OF
1557 1539 1744 1592 NASH,
1798 1539 2006 1582 LANDS
2056 1539 2129 1582 IN
2178 1540 2260 1583 ST.

450 1630 696 1684 BRIDES,
730 1631 940 1684 WYKE,
973 1630 1343 1675 MARGROSSE
1375 1630 1510 1673 AND
1547 1630 1630 1674 ST.
1665 1630 1928 1683 DONATS,
1962 1631 2098 1674 AND
2131 1631 2262 1674 THE

451 1721 706 1765 GHAPEL
737 1722 815 1765 OF
857 1723 1045 1775 NASH,
1086 1722 1221 1765 AND
1259 1722 1390 1765 THE
1429 1722 1721 1765 RECTORY
1762 1722 1896 1765 AND
1938 1722 2263 1766 VIGARAGE

447 1813 526 1856 OF
567 1813 649 1856 ST.
684 1813 946 1866 DONATS,
990 1814 1066 1857 TO
1109 1813 1367 1856 THOMAS
1411 1813 1787 1863 STRADLING,
1831 1814 1958 1860 ESQ.

846 1922 1151 1979 [ORIGINALlA
1184 1922 1321 1974 Rom„
1357 1936 1469 1963 PART
1501 1923 1541 1972 4,
1574 1936 1620 1963 M.
1656 1921 1719 1977 3.]

1406 2031 1431 2070 9
1464 2029 1565 2072 Ocr.
1629 2030 1684 2071 34
1716 2029 1842 2072 HEN.
1876 2029 2013 2073 VIII.
2079 2031 2203 2072 1542.

361 2120 660 2164 GLAMORGAN.
736 2121 808 2164 DE
842 2135 1049 2163 HOMAGIO
1102 2135 1154 2162 ET
1203 2135 1483 2163 FIDELITATE.
1561 2121 1656 2163 Rex
1697 2120 1895 2163 omnibus
1940 2122 1995 2162 ad
2035 2136 2140 2176 quos
2181 2130 2257 2163 etc.

303 2213 497 2256 salutem.
571 2212 723 2255 Sciatis
758 2214 872 2269 quod
910 2228 984 2255 nos
1017 2213 1070 2255 de
1104 2213 1246 2268 gracia
1282 2217 1426 2254 nostra
1467 2212 1637 2267 speciali
1670 2227 1717 2253 ac
1745 2226 1821 2266 pro
1851 2214 2013 2267 septem
2040 2211 2161 2254 libris
2188 2227 2261 2254 sex

303 2304 448 2347 solidis
468 2305 613 2346 decem
633 2304 819 2346 denariis
840 2307 881 2346 et
903 2319 988 2346 uno
1011 2303 1137 2346 obulo
1158 2303 1281 2346 nobis
1309 2302 1458 2345 solutis
1488 2303 1533 2344 in
1565 2302 1796 2357 hanaperio
1827 2302 2075 2344 cancellarie
2105 2305 2259 2353 nostre,

304 2395 583 2437 concessimus
603 2398 645 2437 et
666 2395 886 2437 licenciam
908 2395 1104 2437 dedimus
1126 2410 1173 2437 ac
1190 2409 1264 2450 per
1284 2400 1500 2450 presentes
1521 2394 1788 2436 concedimus
1809 2396 1852 2435 et
1873 2393 2094 2435 licenciam
2110 2394 2261 2435 damus

306 2500 382 2541 pro
413 2485 535 2528 nobis
565 2489 607 2527 et
637 2485 864 2527 heredibus
894 2486 1061 2535 nostris,
1095 2489 1304 2540 quantum
1335 2485 1380 2526 in
1412 2483 1534 2526 nobis
1564 2488 1639 2535 est,
1683 2484 1838 2526 dilecto
1879 2484 2079 2526 servienti
2119 2487 2262 2526 nostro

314 2575 519 2618 Rmfflno
541 2575 786 2618 WILLIAMS
807 2576 912 2617 alias
934 2575 1193 2617 CROMWELL
1225 2575 1354 2618 militi
1385 2575 1460 2617 uni
1492 2590 1792 2631 generosorum
1822 2576 1874 2617 de
1905 2575 2072 2630 privata
2101 2590 2263 2618 camera

310 2673 466 2717 nostra,
489 2667 603 2722 quod
623 2667 712 2722 ipse
734 2667 973 2709 manerium
995 2668 1047 2709 de
1078 2666 1255 2718 ΝΑΞΗΕ,
1288 2667 1393 2708 alias
1423 2667 1586 2708 dictum
1616 2666 1844 2722 grangiam
1874 2666 1926 2707 de
1957 2665 2133 2717 NAsnE,
2156 2665 2259 2707 alias

313 2758 475 2799 dictum
508 2758 673 2799 firmam
709 2758 761 2798 de
799 2757 974 2808 ΝΑςΗΕ,
1011 2772 1108 2799 cum
1143 2757 1416 2812 pertinenciis
1448 2757 1492 2798 in
1529 2757 1734 2799 comitatu
1775 2759 1918 2798 nostro
1960 2755 2260 2807 GLAMORGAN‚

313 2863 478 2890 necnon
499 2848 656 2903 viginti
677 2848 908 2903 mesuagia,
930 2863 1066 2890 unum
1096 2847 1350 2898 columhare,
1373 2862 1508 2889 unum
1538 2847 1834 2889 molendinum
1865 2845 2122 2901 aquaticum,
2144 2846 2261 2888 mille

313 2954 429 2981 acras
458 2943 581 2985 terre,
613 2939 770 2995 viginti
802 2954 916 2980 acras
947 2940 1071 2994 prati.
1106 2940 1345 2995 octinginta
1376 2953 1493 2980 acras
1524 2942 1565 2980 et
1597 2939 1800 2979 ducentas
1840 2952 1955 2979 acras
1986 2936 2134 2979 bruere
2165 2951 2260 2979 oum

313 3030 585 3086 pertinenciis
615 3030 660 3071 in
693 3030 841 3072 SEYNT
873 3030 1055 3072 BRYDYs
1085 3030 1238 3073 WYKE
1276 3029 1540 3071 MARCRossE
1583 3033 1623 3070 et
1658 3028 1807 3070 SEYNT
1838 3027 2050 3069 DONATYS
2077 3027 2122 3069 in
2151 3027 2262 3069 dicto
