2362 3392
1939 237 2049 279 1645

162 445 288 489 simul
310 460 406 488 cum
437 444 644 487 HOWELL
675 444 825 488 OUTTA
846 459 898 486 ex
919 445 1029 487 dono
1053 446 1095 487 et
1125 443 1402 487 feoffamento
1430 442 1680 488 WILLELMI
1712 443 1837 487 Dum
1870 445 1923 486 de
1955 444 2108 487 SwAY-

164 551 306 579 NESEY
327 539 370 578 et
389 536 615 578 MATILDIS
635 535 779 578 uxoris
800 534 894 591 ejus
913 534 1101 591 jacentes
1121 534 1167 576 in
1184 534 1275 577 vico
1297 534 1555 576 PISCAToms
1575 533 1690 576 infra
1710 533 1868 576 dietam
1887 534 2033 576 vfflam
2054 535 2107 576 de

165 627 442 671 SWAYNESEY
462 627 575 669 inter
593 628 886 669 tenementum
906 625 1089 667 custodis
1116 624 1355 680 Hospitalis
1385 623 1531 667 Sancti
1560 624 1716 667 DAvn)
1746 625 1799 667 de
1831 623 2108 666 SWAYNESEY

167 734 220 762 ex
239 722 358 775 parte
379 717 529 761 boriali
549 719 593 760 et
611 719 906 759 tenementum
925 715 955 759 J
958 730 1157 758 OHANNIS
1179 715 1359 758 SADLER
1388 730 1441 757 ex
1473 717 1594 771 parte
1621 715 1796 757 australi
1828 731 1880 758 ex
1915 715 2108 757 extendit

164 824 207 852 se
237 824 262 851 a
290 808 426 864 regali
456 808 526 850 via
556 823 608 850 ex
633 810 752 863 parte
774 807 970 849 orientali
991 821 1123 862 usque
1144 807 1198 848 ad
1219 808 1512 849 tenementum
1540 805 1707 848 ΤΗΟΜΕ
1738 805 1870 848 REED
1904 821 1956 847 ex
1987 808 2107 862 parte

163 898 426 942 occidentali.
487 897 753 940 Habendum
773 900 815 940 et
835 898 1068 939 tenendum
1089 897 1328 952 predictum
1347 898 1640 939 tenementum
1670 911 1767 938 cum
1795 895 1990 939 omnibus
2022 897 2109 939 suis

162 989 434 1046 pertinenciis
453 989 653 1045 predictis
673 987 863 1030 HUGONI
894 987 923 1031 J
926 1002 1020 1030 OHN
1050 987 1181 1029 militi
1211 991 1253 1030 et
1283 987 1489 1030 MATILDI
1521 988 1665 1030 uxoris
1698 1002 1771 1030 sue
1806 986 2031 1030 heredibus
2065 991 2107 1030 et

163 1081 388 1137 assignatis
408 1080 540 1136 ipsius
561 1080 775 1122 Hmoms
797 1079 826 1121 J
829 1093 923 1120 oHN
945 1080 997 1120 de
1028 1078 1279 1134 capitalibus
1311 1078 1494 1121 dominis
1521 1078 1637 1121 feodi
1668 1078 1784 1121 illius
1814 1094 1889 1135 per
1916 1079 2108 1122 redditus

162 1175 206 1215 et
226 1172 400 1214 servicia
420 1171 521 1213 inde
542 1170 686 1213 debita
706 1173 749 1212 et
769 1170 821 1211 de
841 1169 937 1225 jure
959 1171 1157 1211 consueta
1176 1169 1503 1225 imperpetuum.
1564 1169 1626 1211 Et
1658 1185 1736 1226 ego
1767 1185 1865 1212 vero
1895 1170 2108 1225 predictus

163 1262 353 1305 THOMAS
389 1265 432 1304 et
472 1261 646 1304 heredes
675 1260 760 1302 mei
787 1259 1026 1316 predictum
1056 1262 1349 1302 tenementum
1380 1275 1476 1302 cum
1503 1260 1700 1303 omnibus
1727 1261 1812 1303 suis
1839 1261 2111 1316 pertinenciis

162 1354 362 1411 predictis
404 1354 591 1395 Hneom
632 1352 661 1395 J
664 1366 758 1394 OHN
795 1354 837 1394 et
877 1350 1084 1393 MAan
1117 1352 1240 1393 uxori
1275 1367 1347 1394 sue
1382 1350 1606 1394 heredibus
1639 1354 1682 1393 et
1717 1351 1944 1408 assignatis
1978 1352 2111 1408 ipsius

162 1444 377 1487 HUGONIS
400 1443 430 1486 J
432 1458 525 1485 OHN
548 1445 694 1485 contra
709 1442 883 1484 heredes
904 1445 946 1484 et
965 1446 1206 1485 executores
1220 1457 1335 1485 meos
1350 1442 1719 1485 warantizabimus
1735 1446 1777 1485 et
1796 1443 2111 1499 imperpetuum

161 1535 448 1578 defendemus.
510 1533 567 1576 In
588 1533 710 1589 cujus
730 1533 791 1576 rei
811 1533 1105 1575 testimonium
1134 1533 1233 1576 huic
1263 1533 1449 1589 presenti
1479 1535 1591 1575 carte
1623 1548 1715 1575 mee
1743 1534 1934 1590 sigillum
1969 1549 2112 1576 meum

160 1625 347 1681 apposui.
409 1623 512 1666 Hiis
554 1622 732 1666 testibus
756 1656 764 1665 .
788 1622 1048 1666 WILLELMO
1089 1623 1342 1665 BERKELEY
1382 1626 1484 1666 tunc
1519 1624 1746 1666 senescallo
1785 1623 2027 1667 Grommzm
2069 1629 2111 1668 et

158 1714 343 1758 K1LVEY
365 1749 373 1757 .
397 1714 655 1759 WILmzLMo
686 1713 849 1756 MADoo
880 1713 1035 1756 seniori
1065 1716 1167 1756 tunc
1192 1714 1403 1770 preposito
1424 1714 1524 1757 ville
1552 1716 1604 1757 de
1632 1714 1910 1757 SWAYNESEY
1943 1753 1947 1758 .
1985 1716 2108 1758 REEs

162 1822 215 1863 ap
253 1806 457 1849 GUILLIM
490 1839 499 1847 .
532 1805 751 1848 JOHANNE
802 1805 1057 1847 MAUNCELL
1101 1839 1108 1848 .
1148 1805 1316 1847 ΤΗΟΜΑ
1367 1805 1498 1848 REED
1535 1840 1543 1848 .
1581 1806 1787 1849 HOWELL
1837 1807 2090 1850 BARBOUR.

155 1898 185 1942 J
188 1911 378 1940 OHANNE
400 1896 582 1939 SADLER
605 1898 647 1937 et
668 1895 816 1938 multis
837 1896 944 1939 aliis.

216 1988 320 2031 Dat’
353 1988 468 2043 apud
507 1986 786 2029 SWAYNESEY
818 1987 980 2029 decimo
1013 2002 1126 2029 nono
1158 1987 1227 2030 die
1254 1987 1408 2030 Marcii
1438 2002 1550 2030 anno
1582 1988 1704 2044 regni
1735 1988 1869 2045 Regis
1902 1989 2108 2032 HENRICI

159 2079 269 2122 sexti
289 2080 384 2134 post
405 2080 685 2133 conquestum
706 2077 918 2119 tricesimo
940 2080 1098 2120 octavo.
1565 2078 1649 2120 Per
1669 2078 1698 2122 J
1701 2093 1774 2121 οΗ.
1800 2079 2048 2123 THOMKYN.

1025 2392 1241 2436 MOOIII.

159 2498 571 2544 INSTITUTION
623 2497 710 2541 BY
758 2497 789 2541 J
792 2497 929 2541 OHN
983 2498 1276 2553 HUNDEN,
1336 2500 1565 2544 BISHOP
1618 2501 1696 2544 OF
1747 2501 2102 2557 LLANDAFF,

303 2591 381 2634 OF
422 2588 705 2632 RODRIGK
744 2588 827 2632 ΑΡ
859 2622 1072 2633 .......
1107 2592 1183 2634 ΤΟ
1233 2592 1315 2635 BE
1367 2593 1746 2636 PERPETUAL
1785 2594 1980 2638 VIOAR
2022 2595 2100 2638 OF

301 2681 431 2724 THE
484 2679 721 2722 PARISH
775 2678 1041 2723 OHURGH
1094 2682 1172 2724 OF
1220 2682 1301 2725 ST.
1344 2683 1542 2736 MARY,
1595 2683 1953 2728 ABERAVON.

861 2786 1091 2844 [MARGAM
1133 2789 1388 2847 CHARTER]
1597 2791 1652 2833 20
1688 2791 1851 2834 APRIL.
1915 2794 2038 2835 1460.

213 2898 242 2941 J
245 2911 453 2940 oHANNEs
481 2895 754 2952 permissione
775 2894 922 2937 divina
942 2895 1263 2940 LANDAVENSIS
1284 2899 1501 2955 episcopus
1521 2900 1674 2942 dilecto
1695 2899 1815 2942 nobis
1835 2901 1879 2942 in
1903 2901 2098 2944 CHRISTO

154 2989 328 3032 domino
349 2987 550 3030 RoDmco
571 3001 624 3041 ap
649 3018 897 3029 ........
923 2985 936 3010 ¹
967 2988 1184 3042 capellano
1206 2989 1386 3031 salutem
1407 2989 1590 3044 gratiam
1611 2991 1664 3031 ad
1686 2989 2035 3033 benedictionem.
