2362 3392
397 247 508 288 1754

1174 601 1444 645 MOGLXV.

331 712 546 756 GRANT
587 711 673 755 BY
712 710 883 754 JOHN
922 709 1174 753 PENKOO
1216 709 1293 752 TO
1334 710 1365 753 J
1368 710 1545 754 EVAN
1587 711 1804 754 GOGHE
1846 711 1926 755 OF
1965 711 2171 756 DAVID
2200 711 2284 755 ΑΡ

476 801 754 846 GUILLIM
811 801 1034 845 EOHAN
1096 800 1230 844 AND
1299 801 1620 846 GOULADIS
1681 802 1790 846 HIS
1853 802 2036 855 WIFE,
2099 803 2178 846 OF
2238 803 2283 847 A

472 892 979 937 HALF-BURGAGE
1021 891 1093 935 IN
1134 891 1215 934 LE
1259 891 1419 936 GOTT
1460 892 1712 944 STREET‚
1756 892 2078 937 SWANSEA.

1192 999 1267 1056 [G.
1288 999 1340 1043 G.
1357 999 1432 1057 R]

1425 1092 1451 1133 7
1480 1091 1597 1134 Nov.
1674 1094 1727 1134 14
1755 1092 1879 1135 Hm.
1914 1093 2023 1137 VII.
2102 1094 2228 1136 1498.

388 1201 535 1244 Sciant
560 1203 774 1257 presentes
802 1204 844 1242 et
869 1199 1007 1241 futuri
1035 1199 1149 1254 quod
1178 1214 1257 1255 ego
1285 1198 1314 1242 J
1317 1213 1528 1241 OHANNES
1564 1199 1751 1242 PENxoc
1787 1201 1840 1243 de
1873 1199 2153 1244 SWAYNESEY
2188 1202 2288 1245 dedi

330 1293 512 1336 eone-essi
548 1296 589 1334 et
622 1291 700 1334 hae
735 1291 922 1347 presenti
959 1295 1074 1332 carta
1106 1304 1201 1332 mea
1237 1290 1484 1332 confirmavi
1516 1291 1546 1334 J
1549 1305 1699 1333 EVANO
1735 1291 1899 1334 Goonss
1941 1307 1994 1347 ap
2035 1291 2191 1334 DAvm
2232 1308 2286 1349 ap

330 1383 535 1426 GULLIM
556 1382 720 1425 anm
743 1386 785 1424 et
806 1381 1037 1424 Gonmms
1070 1397 1163 1423 verz
1193 1381 1223 1424 J
1227 1396 1346 1423 EVAN
1380 1381 1544 1424 Ecum
1576 1383 1719 1425 uxoris
1754 1397 1827 1425 sue
1855 1383 2129 1425 medietatem
2160 1384 2287 1427 unius

327 1475 529 1531 burg-agii
561 1489 656 1516 eum
685 1473 955 1530 pertinentiis
981 1473 1194 1529 jacentem
1223 1474 1268 1514 in
1297 1474 1336 1515 le
1365 1473 1487 1515 Gro'rr
1509 1473 1684 1516 STREET
1705 1474 1806 1516 ville
1828 1475 1880 1516 de
1902 1473 2151 1516 SWAYNSEY
2171 1474 2286 1517 inter

328 1570 485 1609 terram
507 1565 662 1608 DAvin
685 1565 862 1608 ORAnoc
883 1580 935 1606 ex
956 1568 1077 1620 parte
1097 1564 1246 1606 boriali
1279 1569 1321 1607 et
1341 1568 1498 1607 terram
1525 1565 1728 1608 heredum
1750 1565 1952 1607 Hopmm
1975 1564 2211 1608 ΤΗΟΜΚῩΝ
2232 1580 2286 1608 ex

328 1661 448 1714 parte
469 1657 645 1698 australi
667 1660 709 1698 et
731 1655 927 1698 extendit
949 1671 990 1698 se
1012 1655 1066 1698 ab
1088 1657 1176 1698 alta
1197 1660 1329 1699 strata
1349 1672 1402 1697 ex
1423 1663 1543 1712 parte
1565 1657 1762 1699 orientali
1783 1671 1917 1712 usque
1938 1657 1993 1699 ad
2015 1671 2285 1700 communem

329 1749 485 1792 fossam
519 1749 630 1790 dicte
666 1748 766 1790 ville
802 1763 853 1789 ex
890 1752 1008 1803 parte
1052 1748 1311 1790 occidentali.
1392 1748 1656 1790 Habendum
1698 1752 1739 1790 et
1780 1749 2014 1790 tenendum
2053 1749 2287 1804 predictam

329 1841 602 1884 medietatem
622 1839 823 1896 burgagii
844 1854 940 1881 oum
962 1839 1160 1881 omnibus
1181 1839 1267 1881 suis
1287 1840 1558 1895 pertinentiis
1588 1839 1754 1895 prefato
1786 1839 1815 1882 J
1820 1853 1970 1881 EVANO
1992 1842 2034 1881 et
2055 1838 2287 1882 GOULADIS

330 1933 453 1975 uxori
474 1947 546 1974 sue
566 1930 793 1973 heredibus
815 1936 854 1972 et
878 1930 1106 1986 assignatis
1127 1931 1214 1972 suis
1235 1931 1550 1986 imperpetuum
1572 1931 1623 1972 de
1645 1930 1817 1985 capitali
1839 1929 2012 1972 domino
2033 1929 2149 1972 feodi
2170 1929 2286 1972 illius

331 2038 405 2080 per
433 2023 625 2064 redditus
655 2027 697 2064 et
724 2021 897 2063 servicia
923 2021 1023 2063 inde
1052 2021 1196 2063 debita
1222 2025 1263 2063 et
1295 2022 1347 2063 de
1373 2021 1469 2076 jure
1497 2026 1708 2063 consueta.
1772 2020 1831 2062 Et
1853 2035 1932 2076 ego
1954 2035 2052 2063 vero
2073 2021 2287 2076 predictus

332 2113 361 2157 J
364 2127 574 2156 OHANNES
595 2112 783 2154 PENKOC
805 2118 846 2154 et
867 2112 1042 2154 heredes
1062 2112 1146 2154 mei
1168 2112 1402 2167 predictam
1433 2112 1706 2155 medietatem
1732 2112 1933 2168 burgagii
1962 2127 2058 2154 eum
2090 2111 2288 2155 omnibus

333 2205 419 2247 suis
442 2204 708 2260 pertinentiis
723 2202 888 2258 prefato
904 2203 933 2246 J
940 2218 1084 2245 EVANO
1106 2206 1147 2245 et
1171 2202 1400 2246 Gonmms
1417 2204 1539 2246 uxori
1561 2219 1633 2245 sue
1648 2203 1874 2246 heredibus
1889 2206 1932 2246 et
1953 2203 2179 2260 assignatis
2200 2203 2286 2246 suis

335 2302 481 2340 eontra
509 2310 654 2338 omnes
681 2299 830 2350 gentes
852 2295 1221 2337 warantizabimus
1247 2300 1287 2336 et
1316 2295 1630 2350 imperpetuum
1652 2294 1942 2336 defendemus.
2005 2293 2061 2336 In
2083 2293 2205 2350 cujus
2224 2295 2286 2336 rei

335 2387 629 2430 testimonium
659 2385 757 2427 huic
785 2386 969 2440 presenti
1005 2392 1116 2427 carte
1145 2401 1236 2427 mee
1274 2386 1465 2442 sigillum
1500 2401 1643 2428 meum
1674 2385 1861 2441 apposui.
1935 2384 2039 2427 Hiis
2066 2384 2244 2427 testibus
2275 2418 2283 2427 .

333 2479 553 2522 JOHANNE
594 2476 769 2518 Emsnss
811 2483 913 2518 tune
952 2477 1163 2531 preposito
1201 2477 1300 2517 ville
1340 2478 1392 2517 de
1429 2476 1706 2518 SWAYNESEY
1744 2509 1752 2517 .
1795 2474 2045 2518 WILLELMI
2086 2474 2237 2517 Hooo’
2272 2509 2280 2517 .

334 2570 554 2612 JOHANNE
584 2567 787 2609 RussELL
821 2600 829 2608 .
866 2566 1124 2610 WILLELMO
1160 2567 1361 2609 Mssmmc
1392 2602 1399 2609 .
1435 2567 1639 2609 RICARDO
1675 2582 1728 2622 ap
1759 2566 1923 2608 EYNON
1955 2599 1963 2608 .
1993 2565 2200 2608 Howm,
2231 2581 2284 2622 ap

335 2660 574 2703 Pnssmppss
596 2657 754 2699 LLOYD
778 2691 786 2700 .
813 2660 855 2699 et
877 2657 1161 2715 GR[UFFUTH
1183 2658 1258 2715 ap]
1284 2659 1484 2701 MEURUC
1508 2692 1515 2700 .
1540 2663 1582 2700 et
1602 2658 1750 2700 multis
1770 2658 1874 2699 aliis.

390 2750 493 2793 Dat’
536 2750 651 2805 apud
691 2748 938 2790 SWAYNSEY
979 2751 1156 2806 septimo
1207 2750 1276 2792 die
1316 2750 1472 2792 mensis
1521 2748 1792 2804 Novembrys
1833 2762 1945 2790 anno
1984 2748 2108 2804 regni
2149 2748 2282 2804 Regis

332 2841 538 2884 HENRICI
561 2840 731 2895 septimi
752 2843 844 2895 post
866 2843 1143 2895 conquestum
1165 2841 1491 2896 quartodecimo.
