2362 3392
1970 206 2080 248 1739

1050 391 1271 435 MGOLV.

182 497 227 540 A
259 497 414 541 FINE
449 497 689 541 LEVIED
725 497 809 540 AT
846 498 1133 552 OARDIFF,
1168 499 1240 542 IN
1277 498 1407 542 THE
1434 498 1630 542 GHIEF
1660 499 1876 543 LORD’S
1907 501 2127 556 GOURT,

330 588 658 633 WHEREBY
707 588 976 632 MORGAN
1029 590 1293 633 GAMAGE
1354 590 1488 634 AND
1540 591 1764 634 PHILIP
1813 593 1896 635 ΑΡ
1945 594 2131 638 ADAM

329 679 620 724 REOOVER
679 680 956 723 AGAJNST
1026 681 1284 725 THOMAS
1339 682 1422 724 ΑΡ
1484 681 1629 725 ROSS
1683 682 1940 727 VIGHAN
1995 685 2129 728 AND

327 771 356 815 J
360 770 488 814 OAN
529 771 637 814 HIS
679 771 848 815 WIFE
890 772 1020 815 THE
1060 772 1286 816 MANOR
1327 773 1405 816 OF
1446 773 1653 816 GOYDE
1689 774 2011 818 KENLLAN.

974 881 1191 937 [FoNMoN
1222 881 1341 938 MS]

1335 973 1360 1013 6
1392 972 1492 1015 OCT.
1555 974 1582 1014 4
1613 972 1738 1015 ΗΕΝ.
1773 973 1881 1017 VII.
1947 974 2071 1016 1488.

240 1061 352 1104 Haec
372 1065 435 1104 est
455 1061 595 1104 finalis
616 1062 839 1104 concordia
858 1062 973 1105 facta
993 1062 1038 1104 in
1061 1063 1265 1105 comitatu
1286 1063 1531 1106 excellentis
1552 1063 1764 1120 Principis
1779 1063 1809 1106 J
1811 1078 1970 1106 ASPERI
1988 1064 2133 1107 fratris

182 1156 225 1195 et
253 1153 397 1210 patrui
428 1152 600 1208 Regum
630 1152 765 1195 Ducis
796 1152 1078 1195 BEDFORDIAE
1111 1153 1288 1196 Comitis
1326 1153 1604 1196 PEMBROCIAE
1635 1169 1683 1196 ac
1713 1154 1892 1197 Domini
1923 1156 1975 1197 de
2013 1154 2131 1197 GLA-

183 1258 370 1286 MORGAN
392 1246 434 1286 et
454 1243 776 1285 MORGANNOCK
796 1244 910 1299 apud
931 1243 1175 1286 KAERDIFF
1197 1247 1318 1286 tenta
1339 1245 1407 1286 die
1437 1245 1552 1287 lunae
1574 1248 1693 1287 sexto
1714 1245 1783 1287 die
1805 1245 1998 1288 Octobris
2019 1260 2132 1289 anno

181 1335 304 1391 regni
340 1334 474 1390 Regis
509 1334 716 1376 HENRIGI
753 1334 923 1390 septimi
957 1337 1052 1390 post
1085 1338 1362 1390 conquestum
1398 1339 1548 1390 quarto
1574 1350 1714 1379 coram
1743 1335 1948 1378 RICARDO
1984 1336 2131 1379 GROFT

182 1426 309 1468 militi
342 1428 445 1468 tunc
477 1425 720 1468 vicecomite
755 1425 980 1468 comitatus
1013 1426 1206 1481 praedicti
1248 1459 1256 1468 .
1302 1426 1508 1469 RICARDO
1538 1426 1868 1469 TURBERVILLE
1906 1462 1913 1468 .
1950 1427 2133 1469 DAvmo

182 1517 399 1560 MATHEW
422 1550 430 1559 .
453 1516 483 1559 J
485 1530 673 1558 OHANNE
694 1516 940 1558 BUTTELER
962 1550 970 1559 .
994 1516 1023 1559 J
1027 1530 1237 1559 OHANNEs
1258 1532 1311 1573 ap
1336 1516 1365 1559 J
1369 1531 1527 1559 ANKYN
1556 1532 1610 1573 ap
1643 1517 1856 1560 311)ssch
1880 1552 1887 1560 .
1913 1517 1941 1560 J
1943 1532 2131 1560 OHANNE

182 1608 339 1651 CARNE
361 1607 589 1650 baronibus
610 1607 804 1663 ejusdem
825 1607 1049 1650 comitatus
1070 1611 1112 1649 et
1133 1607 1227 1650 aliis
1247 1608 1351 1650 dicti
1378 1608 1541 1650 domini
1568 1608 1702 1650 Ducis
1727 1607 1924 1651 fidelibus
1948 1612 2052 1651 tunc
2072 1608 2133 1652 ibi

180 1698 445 1756 presentibus
477 1733 485 1739 .
519 1698 642 1741 Inter
662 1697 936 1741 MORGANUM
969 1697 1167 1741 GAMAGE
1195 1701 1237 1741 et
1265 1698 1534 1741 PHILIPPUM
1562 1714 1616 1755 ap
1641 1699 1800 1741 ADAMI
1835 1703 2059 1755 querentes
2092 1703 2134 1742 et

182 1790 386 1833 THOMAM
407 1805 461 1846 ap
484 1790 596 1832 Ross
617 1789 811 1835 VIGHAN
833 1792 876 1832 et
897 1789 927 1832 J
930 1804 1157 1832 OHANNAM
1178 1805 1353 1832 uxorem
1383 1790 1477 1846 ejus
1497 1790 1775 1833 deforoientes
1796 1792 1848 1833 de
1870 1792 2059 1834 manerio
2080 1792 2133 1834 de

180 1880 331 1924 (3anss
362 1880 591 1923 KENLLAN
623 1895 719 1923 cum
747 1880 1032 1936 pertinenciis.
1109 1880 1241 1923 Unde
1269 1880 1475 1936 placitum
1501 1881 1796 1923 convencionis
1825 1882 2134 1924 summonitum

179 1971 265 2014 fuit
284 1971 396 2014 inter
411 1986 480 2013 eos
501 1971 547 2013 in
563 1971 712 2014 eodem
733 1970 937 2013 comitatu
959 1970 1117 2013 scilicet
1138 1971 1252 2026 quod
1267 1970 1459 2026 praedicti
1481 1970 1671 2013 THOMAs
1687 1974 1730 2013 et
1745 1971 1774 2014 J
1777 1985 1967 2014 OHANNA
1987 1987 2131 2028 recog-

179 2064 389 2104 noverunt
415 2061 668 2117 praedictum
699 2061 937 2103 manerium
970 2076 1066 2103 cum
1095 2061 1368 2116 pertinenciis
1398 2077 1485 2103 esse
1515 2061 1586 2118 jus
1616 2062 1804 2118 ipsorum
1835 2061 2057 2105 MORGANI
2089 2066 2132 2106 et

180 2151 397 2195 PHILIPPI
418 2154 460 2194 et
480 2152 588 2194 illud
610 2152 723 2207 quod
744 2152 875 2194 iidem
897 2151 1154 2194 MORGANUs
1184 2155 1227 2194 et
1257 2151 1508 2194 Pfflmpos
1538 2152 1697 2195 habent
1728 2153 1780 2195 de
1811 2154 1924 2196 dono
1953 2154 2129 2210 praedic-

178 2246 322 2286 torum
363 2242 542 2285 THOMAE
583 2245 625 2285 et
666 2242 695 2286 J
698 2257 886 2285 OHANNE
922 2245 966 2284 et
1005 2243 1115 2284 illud
1152 2243 1405 2285 remiserunt
1455 2246 1497 2285 et
1547 2244 2032 2299 quietumclamaverunt
2072 2246 2125 2287 de

178 2333 392 2389 praedictis
417 2332 583 2374 ΤΗΟΜΑ
610 2334 653 2374 et
695 2332 725 2375 J
727 2347 917 2375 OHANNA
943 2335 986 2374 et
1013 2332 1238 2375 heredibus
1277 2333 1410 2389 ipsius
1437 2333 1466 2376 J
1469 2347 1657 2375 OHANNE
1686 2334 1798 2376 dicto
1825 2334 2055 2377 MORGANO
2086 2339 2128 2377 et

180 2423 406 2466 PHILIPPO
432 2422 658 2466 heredibus
679 2426 722 2465 et
743 2423 969 2480 assignatis
994 2424 1092 2466 suis.
1155 2423 1216 2466 Et
1240 2424 1434 2479 praedicti
1458 2424 1590 2467 iidem
1616 2424 1807 2467 THOMAs
1838 2428 1881 2468 et
1907 2425 1937 2468 J
1939 2440 2128 2469 OHANNA

180 2516 471 2558 concesserunt
508 2529 585 2570 pro
625 2529 668 2556 se
708 2516 751 2556 et
791 2513 1017 2556 heredibus
1065 2514 1198 2570 ipsius
1248 2514 1278 2557 J
1280 2528 1467 2556 OHANNE
1509 2516 1622 2570 quod
1666 2515 1747 2571 ipsi
1788 2515 2128 2559 warantizabunt

179 2605 393 2661 praedictis
412 2604 643 2647 MORGANO
665 2606 708 2646 et
728 2603 956 2646 PHILIPPO
977 2604 1203 2647 heredibus
1219 2607 1260 2647 et
1281 2605 1507 2661 assignatis
1523 2605 1608 2647 suis
1621 2606 1872 2661 praedictum
1888 2608 2126 2650 manerium

179 2711 275 2738 cum
294 2695 566 2752 pertinenciis
586 2697 733 2738 contra
754 2710 899 2737 omnes
920 2695 1114 2737 homines
1134 2696 1179 2737 in
1200 2699 1468 2751 perpetuum.
1530 2695 1591 2737 Et
1620 2711 1695 2752 pro
1725 2696 1805 2739 hac
1835 2697 2124 2753 recognitione

180 2786 423 2829 remissione
444 2785 842 2842 quietaclamatione
863 2786 1210 2829 warantizatione
1231 2786 1315 2829 fine
1336 2789 1379 2828 et
1400 2787 1620 2829 concordia
1650 2787 1779 2829 iidem
1807 2787 2063 2830 MORGANUS
2084 2791 2126 2831 et

182 2876 433 2919 PHILIPPUs
453 2877 663 2919 dederunt
682 2876 874 2933 praefatis
896 2875 1076 2919 THOMAE
1097 2879 1139 2919 et
1159 2877 1189 2920 J
1191 2891 1378 2919 OHANNE
1401 2880 1572 2920 centum
1591 2892 1764 2920 marcas.

1585 2967 1776 3011 THOMAs
1807 2968 1992 3011 BUTTON
2015 2969 2069 3012 R.
