2362 3392
1891 227 2000 268 1829

112 439 308 483 omnibus
338 454 484 481 eorum
514 438 797 494 pertinenciis.
860 438 927 480 De
953 438 1106 494 quibus
1127 439 1298 494 quidem
1329 441 1500 480 centum
1522 436 1673 478 marcis
1694 436 1831 477 fateor
1851 449 1919 476 me
1950 447 2058 488 pree-

111 531 251 573 fatum
286 529 585 574 WILLELMUM
617 529 708 571 fore
741 533 948 585 pagatum
968 532 1010 571 et
1031 530 1294 584 persolutum
1326 527 1411 585 [et]
1437 527 1676 584 predictum
1706 526 1860 568 DAVID
1889 524 2062 566 heredes

110 625 153 664 et
183 624 424 663 executores
454 635 550 662 suos
580 621 679 662 inde
710 635 797 662 esse
829 620 992 675 quietos
1022 620 1067 662 in
1099 624 1354 676 perpetuum
1385 634 1459 675 per
1489 621 1714 675 presentes.
1779 616 1834 658 In
1856 615 1980 671 cujus
1999 614 2060 656 rei

116 711 408 755 testimonium
439 711 622 766 presenti
643 710 835 767 sigillum
855 725 998 752 meum
1019 711 1207 766 apposui.

174 802 337 844 Datum
359 805 504 844 octavo
526 802 594 843 die
615 801 808 854 Augusti
830 816 942 842 anno
963 802 1084 856 regni
1108 801 1241 857 Regis
1262 801 1468 843 HENRICI
1491 800 1627 843 octavi
1659 802 1753 855 post
1784 800 2063 852 conquestum

120 893 318 936 ANGLIAE
340 892 634 935 sextodecimo.

180 983 290 1036 Seal,
312 984 388 1025 red.
409 998 516 1024 wax.
578 982 723 1034 Axms,
746 998 770 1025 a
791 983 972 1025 chevron
993 983 1183 1026 between
1205 984 1323 1025 three
1344 984 1533 1040 hunting
1554 984 1682 1025 horns
1704 982 1909 1038 stringed.

177 1074 657 1131 Legend—‘SIGILLUM
687 1088 910 1116 ,IOHANNIS
945 1074 1201 1131 [BASSET]‘¹'·'

178 1166 473 1208 Εῑιᾶοῖεθᾶ-ί
490 1165 720 1211 Quittanoe
763 1165 822 1220 by
864 1164 1060 1208 Willjam
1102 1165 1272 1208 Bassett
1317 1166 1362 1207 of
1411 1165 1603 1222 Treguff,
1646 1168 1690 1206 in
1731 1165 1803 1207 the
1843 1163 1986 1220 parish
2028 1163 2073 1205 of

119 1257 403 1308 Llancarvan,
447 1261 490 1299 to
534 1257 677 1299 David
724 1273 776 1313 ap
819 1257 958 1299 Jevan
995 1257 1087 1299 Sais
1118 1257 1162 1299 of
1199 1257 1464 1313 Oowbridge,
1511 1257 1578 1299 for
1611 1257 1692 1298 100
1740 1256 1896 1307 marks,
1942 1255 2074 1309 being

119 1349 193 1391 the
232 1350 340 1404 price
376 1348 421 1390 of
451 1348 544 1390 half
574 1348 646 1390 ‘che
683 1348 838 1390 Manor
876 1349 962 1390 and
1002 1348 1245 1390 Advowson
1287 1349 1331 1391 of
1372 1348 1747 1405 Eglwys-Brewis.
1826 1348 1851 1389 8
1882 1347 2071 1403 August.

123 1441 177 1482 16
199 1440 358 1495 Henry
383 1455 482 1482 vlu.
548 1454 634 1481 A.D.
672 1439 815 1481 1524)

928 1630 1276 1673 MOOGXXIII.

121 1722 323 1765 LEASE
368 1721 455 1764 BY
491 1722 661 1765 JOHN
702 1721 909 1764 ABBO'P
956 1722 1035 1764 OF
1077 1722 1366 1773 MARGAM,
1414 1722 1490 1765 TO
1537 1722 1741 1766 DAVID
1786 1723 1868 1765 ΑΡ
1908 1723 2078 1767 JOHN

270 1804 348 1847 OF
384 1805 427 1846 A
464 1804 600 1846 SITE
634 1804 811 1846 NEAR
848 1804 1123 1847 MARGAM
1158 1805 1293 1847 AND
1327 1805 1572 1848 KENFIG
1608 1805 1731 1848 FOR
1758 1806 2078 1849 BUILDING

272 1887 315 1930 A
356 1886 837 1930 FULLING-MILL.

726 1985 899 2043 [HARL.
936 1986 1169 2038 CHARTER‚
1204 1989 1256 2028 75
1290 1987 1345 2029 A.
1384 1988 1474 2042 48]

732 2069 861 2111 BmT.
895 2069 1108 2112 MUSEUM.
1176 2071 1229 2111 14
1260 2069 1381 2112 MAY.
1447 2071 1499 2112 17
1532 2070 1654 2113 HEN.
1689 2071 1824 2114 VIII.
1890 2073 2016 2113 1525.

183 2168 279 2211 Hec
299 2169 530 2211 indentura
552 2170 666 2212 faeta
687 2170 801 2224 apud
823 2168 1024 2211 MORGAN
1047 2174 1198 2224 quarto
1220 2170 1382 2211 decimo
1414 2171 1482 2212 die
1513 2171 1622 2212 Maii
1652 2186 1765 2213 anno
1797 2172 1920 2228 regni
1943 2172 2076 2228 Regis

127 2259 333 2301 HENmm
355 2261 497 2302 octavi
517 2260 679 2302 decimo
701 2260 880 2316 septimo
902 2261 1015 2302 inter
1035 2260 1065 2302 J
1067 2274 1292 2302 OHANNEM
1324 2259 1603 2318 G[R1FF1TH]
1628 2262 1826 2304 abbatem
1856 2278 1900 2305 m
1935 2297 1940 2303 .
1977 2297 1985 2305 .
2021 2297 2029 2304 .
2065 2297 2073 2304 .

125 2351 305 2407 virginis
326 2353 378 2394 de
398 2351 601 2394 MORGAN
624 2356 666 2394 et
687 2352 879 2408 ejusdem
901 2352 981 2393 loci
1011 2354 1243 2394 conventus
1268 2368 1319 2393 ex
1347 2355 1467 2408 parte
1490 2368 1575 2394 una
1606 2356 1647 2395 et
1683 2354 1834 2396 DAVID
1865 2369 1917 2409 ap
1948 2354 1978 2397 J
1981 2369 2072 2396 OHN

126 2457 180 2498 ap
224 2442 477 2499 H0[WELL]
522 2458 573 2485 ex
613 2447 733 2499 parte
774 2444 906 2485 altera
948 2446 1128 2484 testatur
1178 2445 1291 2498 quod
1336 2444 1552 2498 predictus
1593 2444 1722 2487 abbas
1761 2448 1802 2487 et
1843 2448 2074 2487 conventus

126 2533 444 2590 tradid[e1·unt]
481 2538 522 2576 et
553 2536 608 2576 ad
639 2535 805 2576 firmam
836 2534 1088 2576 dimiserunt
1118 2534 1283 2589 prefato
1314 2534 1470 2576 DAVID
1501 2549 1555 2591 ap
1578 2535 1608 2577 J
1611 2550 1705 2577 OHN
1734 2551 1864 2578 unam
1885 2536 2074 2591 placeam

129 2639 306 2665 vacuam
328 2626 383 2666 ad
414 2624 699 2666 edificandum
729 2625 1024 2666 molendinum
1055 2624 1309 2667 fullonicum
1339 2625 1581 2682 ubicunque
1612 2626 1692 2669 sibi
1722 2627 1928 2682 placuerit
1949 2642 2075 2683 super

127 2728 282 2769 aquam
306 2749 314 2757 .
341 2748 348 2756 .
375 2748 384 2756 .
409 2748 418 2757 .
442 2715 556 2757 infra
572 2715 835 2770 precinctum
851 2718 1000 2757 tenure
1022 2730 1094 2757 sue
1116 2730 1212 2757 cum
1233 2715 1422 2758 cursibus
1443 2731 1650 2772 aquarum
1671 2716 1808 2759 eidem
1828 2718 2073 2760 molendino

127 2804 439 2860 pertinentibus
460 2809 502 2847 et
524 2805 619 2847 aliis
644 2804 960 2847 necessitatibus
981 2808 1023 2846 et
1044 2806 1308 2848 assiamentis
1339 2806 1476 2848 eidem
1496 2807 1741 2849 molendino
1762 2808 2073 2863 pertinentibus

129 2927 139 2937 .
163 2927 173 2937 .
198 2927 207 2936 .
233 2927 242 2936 .
265 2899 557 2937 concesserunt
578 2896 744 2951 prefato
765 2896 921 2938 DAVID
942 2911 1073 2938 unam
1100 2897 1329 2951 parcellam
1349 2900 1459 2940 terre
1479 2900 1595 2940 vaste
1617 2913 1698 2953 que
1717 2901 1892 2941 vocatur
1912 2898 2072 2941 BLAYN

128 2999 318 3027 MALUKE
351 3000 474 3028 VAUR
503 2989 631 3041 prout
659 2986 773 3042 jacet
803 2992 845 3028 et
875 2987 999 3028 ducet
1032 3002 1057 3028 a
1086 2987 1198 3029 dioto
1231 2988 1322 3030 loco
1363 2987 1525 3030 BLAYN
1565 3002 1756 3031 MALUKE
1786 3004 1918 3045 usque
1959 2990 2073 3031 viam
