2362 3392
1918 162 2030 203 1723

974 384 1270 429 MCCXLIV.

147 509 446 553 OHARTER
486 509 573 552 BY
616 508 904 551 RIOHARD
945 508 1052 561 ΙΙΙ.,
1083 508 1158 552 As
1194 508 1362 551 LORD
1403 508 1481 551 OF
1522 507 1930 560 GLAMORGAN,
1961 507 2084 550 FOR

285 600 328 642 A
400 598 730 642 OHAPLAIN
805 598 877 642 IN
957 599 1087 641 THE
1162 598 1427 642 OHURGH
1499 598 1577 641 OF
1650 598 1828 641 HOLY
1888 597 2083 652 OROSS,

291 689 681 733 OOWBRIDGE.

954 796 1134 854 [CARNE
1163 796 1281 854 MS]

1304 897 1356 938 21
1390 896 1499 938 FER.
1564 898 1585 937 1
1620 895 1717 938 R1c.
1751 895 1841 937 III.
1909 896 2029 937 1484.

205 1004 438 1046 Emmaus
459 1003 543 1045 Dei
564 1004 704 1059 gracia
730 1003 824 1044 Rex
849 1003 1032 1045 ANGLIE
1055 1008 1096 1045 et
1117 1003 1321 1045 FRANCIE
1350 1006 1393 1045 et
1418 1003 1631 1046 Dominus
1658 1003 1898 1044 HIRERNIE
1927 1017 2091 1044 necnon

149 1094 362 1137 Dominus
404 1093 764 1137 GLAMORGANCIE
807 1097 847 1135 et
899 1093 1174 1136 MORGANCIE
1213 1095 1259 1135 in
1298 1094 1489 1150 partibus
1534 1093 1729 1136 WALLIE
1773 1094 2002 1135 reverendo
2046 1094 2092 1134 in

151 1185 347 1228 Crfflrsro
382 1185 493 1240 patri
524 1185 695 1227 domino
732 1184 940 1227 JOHANNI
978 1186 1125 1227 eadem
1158 1185 1300 1241 gracia
1333 1185 1525 1240 episcopo
1564 1184 1861 1226 LANDAVENSI
1898 1185 2091 1226 salutem.

151 1276 261 1319 Cum
300 1276 444 1318 dilecti
484 1276 714 1332 burgenses
754 1278 795 1317 et
841 1279 1034 1318 tenentes
1078 1276 1211 1318 nostri
1256 1276 1486 1318 residentes
1530 1279 1572 1317 et
1618 1274 1905 1317 inhabitantes
1945 1275 2094 1316 villam

153 1370 341 1410 nostram
378 1367 464 1409 sive
497 1366 684 1423 burgum
719 1369 912 1408 nostrum
948 1368 1000 1408 de
1037 1366 1333 1408 KOWBRYGGE
1365 1366 1502 1408 facere
1538 1369 1580 1408 et
1614 1380 1837 1421 procurare
1868 1366 2097 1407 intendant

149 1459 262 1514 quod
291 1472 424 1499 unum
456 1458 723 1513 capellanum
754 1458 956 1499 idoneum
988 1457 1133 1499 divina
1162 1458 1204 1499 in
1240 1458 1409 1499 ecclesia
1441 1457 1528 1499 sive
1559 1457 1720 1512 capella
1747 1456 1900 1498 Sancte
1929 1456 2094 1498 GRUcls

150 1550 202 1592 de
245 1549 540 1591 KOWBRYGGE
580 1549 769 1604 predicta
811 1549 969 1591 eisdem
1011 1548 1352 1591 inhabitantibus
1391 1548 1589 1590 continue
1625 1547 1933 1590 celebraturum
1969 1552 2096 1602 atque

152 1642 412 1682 sacramenta
442 1644 484 1681 et
515 1639 841 1681 sacramentalia
862 1639 1058 1694 quociens
1088 1654 1192 1694 opus
1222 1639 1276 1680 sit
1308 1638 1703 1680 administraturum
1734 1653 1786 1679 ex
1816 1637 2025 1680 fructibus
2055 1644 2097 1681 et

148 1730 423 1786 proventibus
453 1731 713 1772 decimarum
746 1745 793 1772 ac
827 1729 1133 1772 obvencionum
1164 1729 1216 1771 ab
1246 1729 1347 1785 ipsis
1380 1729 1719 1771 inhabitantibus
1752 1730 2098 1784 proveniencium

150 1820 389 1863 exhibitum
424 1824 466 1862 et
506 1821 731 1862 inventum
772 1819 926 1863 habere
963 1820 1132 1862 valeant
1173 1822 1215 1861 et
1254 1820 1308 1861 ad
1348 1819 1393 1861 id
1433 1834 1508 1875 pro
1548 1822 1751 1874 perpetuo
1793 1819 2097 1861 stabiliendum

153 1912 380 1966 quamdam
401 1911 735 1953 ‘ordinacionem
774 1911 861 1953 sive
895 1911 1179 1966 provisionem
1219 1911 1347 1952 aliam
1382 1925 1631 1965 quocunque
1671 1910 1843 1952 nomine
1884 1914 2103 1953 censeatur

153 2001 265 2043 inter
285 2003 452 2043 eosdem
473 2001 763 2044 inhabitantes
785 2004 827 2043 et
849 2001 1080 2043 residentes
1100 2004 1143 2042 et
1163 2002 1413 2043 modernum
1428 2000 1632 2043 vicarium
1653 2001 1705 2042 de
1725 2000 1852 2042 LLAN
1861 2015 2099 2043 BLETHEAN

155 2094 197 2134 et
217 2106 467 2133 successores
489 2106 583 2133 suos
605 2106 878 2147 quoscunque
900 2091 1076 2133 vicarios
1097 2092 1264 2133 futuros
1283 2090 1441 2134 ibidem
1460 2094 1598 2133 vestro
1618 2090 1793 2133 arbitrio
1814 2092 1901 2133 sive
1922 2092 2101 2134 auctori-

155 2184 242 2224 tate
271 2181 482 2223 ordinaria
514 2196 678 2237 semper
710 2181 942 2224 valiturum
969 2182 1058 2223 fieri
1085 2185 1234 2237 petant
1263 2184 1306 2223 et
1335 2185 1562 2237 exposcant
1585 2181 1706 2224 nobis
1737 2182 2021 2237 supplicantes
2050 2186 2099 2224 ut

155 2277 363 2327 quatenus
413 2273 466 2313 ad
510 2272 555 2314 id
596 2275 645 2314 ut
696 2272 959 2328 premittitur
998 2272 1239 2313 faciendum
1278 2274 1470 2313 nostrum
1510 2287 1757 2314 consensum
1798 2275 1840 2314 et
1889 2272 2098 2315 auxilium

154 2362 353 2404 adhibere
374 2363 672 2418 dignaremur:
707 2362 799 2405 Nos
820 2378 918 2405 vero
938 2362 1007 2418 pie
1034 2363 1344 2405 considerantes
1365 2363 1562 2405 devotam
1581 2363 1867 2405 intencionem
1887 2363 2096 2405 dictorum

154 2454 430 2510 burgensium
463 2453 742 2496 residencium
775 2456 817 2496 et
850 2454 1093 2496 tenencium
1131 2457 1371 2496 nostrorum
1397 2454 1544 2496 villam
1576 2456 1763 2496 nostram
1795 2454 1882 2496 sive
1908 2453 2095 2511 burgum

155 2550 346 2587 nostrum
367 2546 419 2587 de
448 2544 744 2587 KOWBRYGGE
773 2545 1014 2600 predictum
1040 2544 1376 2588 inhabitancium
1401 2546 1456 2587 ad
1486 2545 1622 2587 divini
1649 2545 1787 2587 cultus
1814 2548 2094 2601 augmentum

155 2639 197 2678 et
217 2636 457 2678 animarum
483 2636 712 2677 eorundem
741 2635 922 2678 salutem
946 2636 1118 2678 tendere
1143 2635 1270 2692 justis
1298 2651 1442 2678 eorum
1462 2636 1679 2678 desideriis
1700 2637 1977 2678 annuendum
2005 2636 2095 2679 fore

158 2726 358 2767 duximus
378 2729 506 2781 atque
527 2727 581 2767 ad
602 2725 916 2768 ordinacionem
937 2725 1185 2783 hujusmodi
1204 2742 1279 2783 per
1293 2741 1367 2769 vos
1380 2727 1624 2769 faciendum
1639 2729 1831 2768 nostrum
1847 2741 2095 2769 consensum

155 2816 201 2858 in
221 2816 303 2858 hiis
323 2817 488 2872 scriptis
509 2817 694 2872 graciose
714 2817 999 2873 impertimur.
1060 2816 1149 2861 Vos
1175 2817 1505 2860 nichilhominus
1534 2817 1750 2872 requirens
1776 2832 1851 2873 per
1880 2821 2094 2872 presentes

156 2911 366 2963 quatenus
394 2908 449 2950 ad
480 2911 728 2963 perpetuam
763 2908 1014 2951 firmitatem
1049 2909 1159 2951 dicte
1194 2909 1474 2951 ordinacionis
1505 2908 1635 2951 nichil
1664 2909 1777 2963 quod
1807 2907 1853 2949 in
1886 2907 2003 2950 vobis
2033 2911 2096 2950 est
