2362 3392
1933 265 2041 307 1919

157 469 320 510 edificia
352 483 471 510 orrea
505 468 672 510 stabula
707 468 966 511 columbaria
1002 477 1114 512 ortos
1149 471 1337 526 pomeria
1363 470 1544 526 gai-dina
1570 486 1701 526 aquas
1726 472 1923 526 piscarias
1943 475 2099 514 terram

155 562 197 601 et
237 559 373 601 00111111
411 562 555 601 nostra
595 563 683 601 tam
724 559 837 600 infra
878 574 1007 614 quam
1047 567 1167 602 extra
1207 560 1359 602 scitum
1401 565 1567 616 septum
1618 561 1827 604 ambitum
1877 562 2099 604 circuitum

154 654 197 692 01
231 650 495 706 procinctum
545 649 737 705 ejusdem
778 664 914 705 nuper
953 650 1197 692 monasterii
1248 651 1474 693 existentia
1514 667 1561 693 ac
1602 655 1737 693 totam
1787 652 2009 708 piscariam
2059 659 2100 694 et

156 744 198 783 et
236 741 515 796 piscacionem
560 744 749 782 nostram
803 740 848 782 in
899 755 1009 796 aqua
1044 742 1095 782 de
1137 741 1286 783 AvEN’
1321 741 1365 783 111
1407 742 1519 783 dicto
1552 742 1756 784 comitatu
1790 746 1933 785 nostro
1985 742 2102 785 GLA-

155 846 354 884 MORGAN,
388 835 430 874 et
460 829 676 874 MORGAN’
711 831 823 873 dicto
853 846 989 886 nuper
1019 832 1274 874 monasterio
1306 833 1469 874 dudum
1499 835 1735 888 spectantes
1766 837 1808 875 et
1842 833 2104 888 pertinentes

153 937 201 964 ac
242 922 468 977 parcellam
518 922 826 977 possessionum
877 922 1011 978 ejusd.
1056 938 1191 977 nuper
1231 927 1411 965 monast.
1455 923 1683 966 existentes
1723 939 1770 966 ac
1811 939 1956 966 omnes
2005 924 2102 966 illas

156 1014 358 1071 grangias
392 1016 556 1055 nostras
590 1016 756 1055 vocatas
792 1013 878 1055 sive
914 1013 1106 1069 cognitas
1142 1028 1215 1068 per
1247 1016 1423 1067 nomina
1453 1014 1505 1056 de
1537 1013 1630 1055 ‘LE
1663 1014 1810 1057 NEWE
1848 1014 2099 1057 GRAUNGE'

156 1109 167 1128 ‘
188 1104 256 1147 LE
317 1105 484 1147 UPPER
538 1104 764 1147 GRAUNGE
788 1103 797 1120 '
855 1109 863 1125 ⁶
887 1102 1019 1145 NOGE
1081 1103 1232 1146 Coum·
1294 1104 1521 1146 GRAUNGE
1545 1104 1554 1121 ’
1612 1108 1653 1147 et
1708 1109 1717 1127 ⁶
1741 1105 2101 1148 WfflTE-OizossE

156 1195 382 1238 GRAUNGE
401 1195 410 1213 ’
454 1210 549 1237 cum
591 1196 676 1237 suis
715 1195 868 1250 pertin.
916 1195 1119 1237 universis
1159 1195 1205 1236 in
1246 1195 1461 1237 MORGAN'
1504 1195 1608 1237 alias
1649 1195 1763 1238 dicto
1804 1196 2014 1238 MARGAM
2055 1197 2100 1238 in

158 1302 260 1329 com.
291 1286 478 1341 predicto
507 1286 620 1327 dicto
650 1300 784 1340 nuper
812 1288 992 1326 monast.
1020 1286 1185 1326 dudum
1213 1290 1451 1340 spectantes
1479 1289 1521 1327 et
1548 1286 1809 1341 pertinentes
1831 1302 1877 1329 ac
1902 1287 2106 1342 par-cellas

155 1377 462 1434 possessionum
484 1376 584 1418 inde
605 1376 834 1418 existentes
855 1391 902 1417 ac
923 1380 1058 1418 totam
1089 1376 1209 1417 illam
1230 1382 1387 1417 terram
1409 1380 1596 1418 nostram
1618 1380 1810 1419 vocatam
1832 1377 2105 1419 Soumowsss

157 1483 252 1510 cum
285 1468 371 1509 suis
406 1467 558 1522 pertin.
583 1467 628 1508 in
662 1465 877 1508 MORGAN’
900 1466 1004 1507 alias
1033 1466 1144 1508 dicto
1172 1465 1380 1508 MARGAM
1410 1467 1454 1508 111
1487 1482 1590 1509 com.
1614 1468 1804 1523 predicto
1827 1469 1939 1510 (11010
1968 1484 2104 1524 nuper

155 1562 333 1601 monast.
378 1558 541 1600 dudum
582 1560 843 1612 spectantem
884 1561 925 1598 et
966 1558 1252 1612 pertinentem
1293 1572 1340 1598 ac
1380 1558 1608 1612 parcellam
1658 1559 1966 1613 possessionum
2005 1559 2106 1601 inde

154 1649 405 1692 existentem
457 1663 621 1690 necnon
672 1651 807 1689 totam
857 1647 1083 1703 grangiam
1135 1652 1323 1689 nostram
1379 1652 1570 1690 vocatam
1622 1653 1631 1670 ‘
1650 1648 1787 1703 Seynt
1838 1649 2105 1691 MICHELLES

158 1739 410 1783 GRAUNGE’
453 1754 499 1781 ac
540 1740 645 1780 duas
692 1738 895 1793 parcellas
936 1742 1044 1779 terre
1090 1743 1254 1779 nostras
1294 1744 1461 1780 vocatas
1501 1738 1779 1781 ‘LANGLOND
1799 1740 1808 1757 '
1852 1745 1890 1782 01
1936 1739 2104 1782 ‘PORT-

157 1831 301 1873 LAND'
325 1845 421 1873 cum
450 1830 535 1871 suis
563 1828 715 1885 pertin.
752 1829 796 1870 in
826 1828 1041 1870 MoRGAN'
1073 1829 1176 1870 alias
1201 1829 1313 1871 dicto
1341 1829 1561 1871 MARGAN’
1594 1835 1635 1872 et
1665 1831 1710 1872 in
1742 1830 1998 1873 KENFEGGE
2033 1847 2107 1874 seu

155 1922 200 1963 in
242 1936 387 1963 earum
428 1920 562 1962 altera
602 1920 647 1961 in
682 1934 784 1961 com.
829 1919 1016 1974 predicto
1053 1919 1165 1961 dicto
1202 1934 1337 1974 nuper
1377 1924 1555 1962 monast.
1594 1921 1758 1962 dudum
1794 1925 2028 1976 spectantes
2063 1926 2105 1964 et

155 2012 414 2069 pertinentes
437 2026 483 2052 ao
505 2010 707 2066 parcellas
728 2010 1038 2065 possessionum
1063 2009 1163 2051 inde
1185 2010 1413 2051 existentes
1438 2025 1486 2051 ac
1511 2014 1646 2052 totam
1669 2013 1897 2067 grangiam
1918 2018 2106 2054 nostram

157 2105 210 2147 de
246 2103 518 2146 TANGELUST
569 2102 674 2144 alias
710 2102 869 2143 dictam
901 2100 1141 2142 TANGLVST
1172 2101 1306 2142 ΒΑΜ)
1343 2102 1388 2142 111
1425 2100 1683 2144 KENFEGGE
1720 2103 1764 2145 in
1796 2119 1888 2145 com
1918 2104 2106 2159 predicto

159 2196 198 2237 d.
237 2211 277 2236 n.
316 2194 376 2236 M.
411 2195 452 2236 d.
490 2209 520 2235 0.
555 2198 597 2234 et
638 2208 676 2248 p.
714 2208 760 2234 ac
794 2207 832 2247 p.
869 2207 909 2247 p.
947 2193 972 2234 i.
1017 2192 1268 2233 existentem
1306 2207 1352 2233 ac
1393 2196 1528 2233 totam
1563 2193 1789 2248 grangiam
1827 2199 2013 2236 nostram
2054 2196 2105 2236 (10

157 2290 167 2309 ‘
185 2286 503 2329 LANGEWITHE
520 2284 530 2301 '
548 2300 645 2327 cum
663 2285 748 2327 suis
764 2284 918 2340 pertin.
935 2284 979 2325 111
997 2298 1099 2325 com.
1116 2284 1304 2339 predicto
1326 2284 1438 2325 011010
1460 2298 1595 2339 nuper
1615 2288 1794 2326 monast.
1813 2285 1977 2327 dudum
1991 2301 2103 2340 spec-

155 2381 320 2419 tantem
351 2380 393 2418 et
419 2376 704 2431 pertinentem
737 2391 784 2417 ac
812 2374 1039 2430 parcellam
1060 2375 1368 2429 possessionum
1389 2375 1488 2416 inde
1510 2374 1764 2416 existentem
1785 2390 1948 2417 necnon
1970 2380 2103 2418 totam

157 2469 382 2524 grangiam
403 2471 592 2509 nostram
614 2467 665 2508 de
688 2465 908 2508 ‘STORMY'
931 2466 976 2507 in
998 2465 1213 2507 MORGAN'
1234 2465 1338 2507 alias
1360 2465 1472 2507 dicto
1495 2465 1703 2507 MARGAM
1725 2466 1770 2507 in
1793 2481 1896 2508 com.
1916 2467 2103 2521 predicto

153 2559 263 2601 dicto
285 2573 420 2614 nuper
440 2560 620 2600 monast.
644 2558 808 2599 dudum
829 2559 1090 2611 spectantem
1111 2566 1152 2598 et
1174 2556 1460 2611 pertinentem
1481 2571 1528 2597 ac
1549 2556 1775 2611 parcellam
1792 2557 2101 2612 possessionum

155 2649 255 2691 inde
280 2649 610 2699 existentem-ac
636 2650 769 2689 totam
797 2646 1005 2687 mineram
1037 2645 1267 2686 carbonum
1297 2646 1342 2686 in
1372 2648 1381 2666 ⁴
1401 2645 1805 2687 KEVENGREBRONE
1823 2646 1832 2663 '
1856 2646 1960 2688 alias
1992 2647 2103 2689 dicto

157 2739 526 2782 ‘KEVENCREBUR
544 2737 553 2755 '
587 2740 628 2780 et
658 2740 667 2758 ‘
686 2737 935 2779 BRoMBELL
954 2734 963 2752 ’
986 2735 1032 2777 in
1061 2735 1276 2777 MORGAN'
1306 2736 1410 2778 alias
1438 2736 1551 2778 dicto
1577 2735 1785 2777 MARGAM
1815 2737 1861 2778 in
1883 2752 1987 2779 com.
2011 2752 2102 2792 pre-

160 2831 271 2873 dicto
291 2831 402 2872 dicto
423 2845 559 2885 nuper
575 2828 639 2871 M.
656 2830 696 2870 d.
716 2844 746 2870 s.
766 2832 808 2869 et
829 2843 869 2883 p.
885 2843 932 2869 ac
953 2843 994 2883 p.
1012 2843 1052 2883 p.
1071 2827 1099 2868 i.
1119 2842 1153 2868 e.
1171 2841 1336 2868 necnon
1357 2827 1501 2868 omnia
1521 2832 1563 2868 et
1585 2828 1756 2883 singula
1770 2828 1916 2870 domos
1937 2829 2101 2870 edificia

155 2936 272 2964 orrea
292 2920 458 2963 stabula
477 2923 610 2962 terras
630 2922 874 2961 tenementa
895 2921 1017 2973 prata
1038 2933 1213 2972 pascuas
1233 2923 1426 2973 pasturas
1445 2917 1589 2960 boscos
1603 2918 1825 2961 subboscos
1841 2920 2104 2962 communias

152 3011 330 3067 jampna
356 3010 529 3054 brueras
553 3025 691 3052 moras
714 3013 834 3051 vasta
854 3012 897 3050 et
916 3024 1157 3050 warrennas
1185 3011 1340 3064 stagna
1359 3009 1520 3050 vivaria
1541 3014 1583 3051 et
1604 3009 1689 3051 alia
1708 3008 1806 3064 jura
1827 3010 2104 3064 possessiones
