2362 3392
1959 264 2068 306 1917

179 468 432 510 confessatos
460 468 683 523 productos
708 467 941 523 propositos
973 470 1016 510 et
1045 467 1257 511 exhibitos
1287 469 1529 512 invenimus
1554 469 1686 512 dictos
1713 469 1892 512 villanos
1916 471 1969 512 de
1997 470 2120 512 PYLE

176 561 340 615 partem
360 559 557 600 actricem
576 558 863 600 intencionem
884 573 1003 600 suam
1020 559 1146 614 pleno
1166 559 1261 615 jure
1283 559 1497 611 fundasse,
1515 560 1711 602 videlicet
1727 560 1885 602 dictam
1905 561 2120 603 ecclesiam

790 620 800 637 «l

177 648 335 692 ibidem
376 664 428 690 ex
460 663 666 691 consensu
707 649 890 704 episcopi
931 650 1101 704 patroni
1141 653 1184 692 et
1224 651 1399 706 majoris
1438 651 1571 706 partis
1610 651 1963 706 parochianorum
2003 652 2119 693 dedi-

176 742 313 781 catam
332 738 475 790 fuisse,
504 738 720 794 nichilque
749 754 802 780 ex
822 743 942 794 parte
963 741 1139 782 adversa
1160 742 1364 796 producto
1399 742 1665 797 propositove
1698 742 1813 797 quod
1832 742 2118 784 intencionem

174 831 284 872 dicte
316 829 447 885 partis
482 829 646 871 actricis
681 829 856 872 elideret
895 845 969 872 seu
1010 831 1158 886 quovis
1190 832 1317 874 modo
1357 834 1589 884 enervaret,
1631 832 1785 874 idcirco
1817 848 1893 874 nos
1933 833 2119 875 officialis

174 920 412 962 antedictus
444 920 640 962 dedimus
670 920 715 962 in
742 921 956 963 mandatis
981 937 1028 963 ac
1057 922 1320 964 decrevimus
1348 926 1475 978 prout
1498 923 1589 979 jam
1617 923 1697 964 hac
1725 923 1936 965 sententia
1978 927 2120 965 nostra

173 1011 400 1053 diffinitiva
416 1011 565 1053 damus
585 1010 630 1052 in
652 1011 866 1053 mandatis
882 1014 924 1054 et
941 1012 1207 1054 decernimus
1228 1014 1341 1068 quod
1359 1028 1503 1070 omnes
1524 1016 1565 1055 et
1587 1013 1746 1069 singuli
1767 1028 1820 1055 ex
1836 1013 2117 1070 burgensibus

172 1103 224 1145 de
252 1101 438 1144 KYNFIG
466 1102 667 1143 accedant
694 1102 749 1143 ad
776 1101 895 1143 illam
924 1101 1141 1144 eeclesiam
1170 1103 1222 1144 de
1256 1102 1379 1144 PYLE
1405 1104 1572 1146 noviter
1598 1103 1837 1146 dedicatam
1868 1106 1910 1145 et
1938 1105 2116 1146 eandem

172 1196 389 1235 assumant
409 1207 484 1248 pro
506 1191 679 1234 ecclesia
700 1191 778 1234 sub
799 1207 909 1247 pena
929 1192 1050 1248 juris.

223 1284 388 1326 Datum
420 1282 498 1325 sub
523 1282 664 1338 sigillo
689 1285 832 1325 nostro
858 1297 942 1337 quo
970 1282 1196 1338 fungimur
1221 1283 1265 1324 in
1296 1284 1429 1326 officio
1464 1284 1532 1327 die
1565 1299 1709 1327 mense
1744 1288 1787 1327 et
1819 1300 1931 1327 anno
1953 1286 2115 1328 domini

173 1374 433 1431 supradictis.

231 1467 306 1520 (3.)
372 1465 514 1511 Quam
547 1479 644 1506 vero
680 1463 936 1506 sententiam
960 1478 1034 1519 per
1059 1464 1221 1506 dietum
1249 1465 1533 1507 venerabilem
1566 1465 1704 1508 virum
1736 1466 1816 1508 rite
1852 1471 1893 1508 et
1926 1467 2117 1523 legitime

168 1557 301 1600 latam
330 1571 405 1612 per
434 1571 510 1598 nos
530 1556 763 1611 inspectam
794 1569 842 1596 ac
873 1554 1060 1610 graviter
1086 1570 1338 1610 perpensam
1363 1571 1458 1598 oum
1482 1556 1592 1598 nihil
1616 1572 1668 1599 ex
1696 1560 1815 1612 parte
1840 1557 2116 1613 burgensium

169 1648 221 1690 de
245 1647 421 1689 KINFIG
443 1645 724 1688 effectualiter
744 1648 890 1688 contra
920 1646 1099 1687 eandem
1125 1647 1380 1688 sententiam
1409 1646 1624 1703 objectum
1650 1647 1704 1690 sit
1728 1663 1801 1690 seu
1821 1648 2082 1704 propositum
2106 1684 2112 1690 .

167 1738 259 1781 Nos
291 1737 320 1780 J
323 1751 533 1779 OHANNEs
565 1736 769 1780 VAGHAN
806 1736 1047 1778 antedictus
1086 1737 1294 1779 instantes
1334 1737 1505 1780 villanis
1546 1739 1598 1780 de
1639 1738 1762 1780 PYLE
1804 1738 2116 1794 postulantibus

167 1829 532 1873 confirmacionem
554 1827 746 1884 ejusdem
768 1827 978 1870 sententie
1007 1831 1199 1883 presente
1220 1831 1339 1882 parte
1361 1829 1535 1871 adversa
1555 1829 1812 1872 ratificamus
1833 1829 2114 1885 approbamus

164 1924 207 1963 et
246 1919 496 1962 auctoritate
532 1917 653 1961 nobis
692 1918 737 1960 in
778 1918 857 1960 hac
896 1922 1017 1974 parte
1041 1932 1249 1960 concessa
1282 1919 1369 1960 sive
1405 1919 1626 1961 commissa
1665 1921 1811 1961 tenore
1851 1921 2112 1975 presentium

166 2012 463 2054 confirmamus
496 2044 503 2052 .
539 2008 594 2051 In
617 2023 797 2065 quorum
819 2009 1011 2051 omnium
1031 2014 1074 2051 et
1098 2009 1364 2065 singulorum
1396 2010 1526 2052 fidem
1554 2015 1596 2051 et
1621 2009 1914 2052 testimonium
1937 2011 2111 2066 premis-

165 2117 306 2144 sorum
327 2101 516 2157 sigillum
537 2114 620 2156 quo
640 2100 686 2141 in
707 2102 851 2142 nostro
871 2099 1034 2141 utimur
1056 2099 1189 2141 officio
1210 2099 1477 2155 presentibus
1497 2101 1698 2142 duximus
1719 2102 2031 2157 apponendum.

226 2193 387 2235 Datum
406 2192 452 2234 in
476 2191 646 2233 ecclesia
667 2191 820 2233 Sancte
842 2189 988 2233 Crucis
1008 2190 1109 2232 ville
1134 2192 1187 2233 de
1208 2190 1464 2233 Kowssmoss
1488 2191 1685 2234 vicesimo
1711 2193 1839 2234 tercio
1861 2193 1929 2235 die
1954 2194 2109 2236 mensis

163 2284 270 2340 Maij
297 2297 408 2325 anno
429 2281 593 2324 domini
612 2281 837 2324 millesimo
858 2281 1202 2337 quingentesimo
1223 2281 1434 2324 tricesimo
1455 2285 1585 2325 sexto.

222 2376 297 2431 (2.)
361 2374 422 2416 Et
454 2373 554 2429 quia
586 2387 661 2428 per
692 2371 880 2414 debitam
913 2372 1275 2414 examinacionem
1310 2372 1356 2414 in
1389 2372 1467 2415 hac
1502 2376 1621 2428 parte
1648 2373 1807 2416 factam
1839 2377 1882 2416 et
1916 2374 2106 2417 habitam

160 2466 328 2509 videtur
348 2465 461 2508 curie
482 2463 721 2520 predictum
742 2463 946 2518 scriptum
965 2462 1128 2505 factum
1149 2467 1191 2505 et
1208 2463 1444 2519 sigillatum
1473 2464 1603 2507 fuisse
1627 2464 1739 2507 bona
1767 2465 1849 2507 fide
1879 2469 1921 2507 et
1949 2465 2106 2521 absque

161 2556 308 2599 covina
328 2555 479 2596 fraude
501 2569 575 2596 seu
595 2554 691 2596 dolo
725 2587 734 2596 .
769 2552 874 2595 Ideo
895 2554 1106 2596 sententia
1131 2554 1321 2610 predicta
1347 2555 1394 2597 in
1419 2558 1509 2598 tam
1534 2556 1712 2612 amplisl·
1737 2557 1862 2599 modo
1892 2560 1935 2599 et
1968 2557 2105 2599 forma

159 2648 285 2702 prout
307 2645 509 2701 scriptum
529 2645 637 2687 illud
668 2644 714 2686 in
742 2659 785 2686 se
809 2644 946 2700 exigit
972 2647 1015 2686 et
1042 2644 1220 2700 requirit
1247 2660 1322 2701 per
1347 2646 1645 2689 cancellarium
1673 2649 1715 2689 et
1743 2647 1966 2689 consilium
1991 2648 2104 2690 curie

162 2736 347 2792 predicte
368 2735 587 2778 allocatur.

221 2828 296 2882 (1.)
359 2825 452 2868 Nos
472 2829 616 2868 autem
635 2828 826 2868 tenorem
847 2825 1004 2867 decreti
1024 2826 1205 2880 predicti
1238 2827 1294 2868 ad
1320 2826 1638 2882 requisitionem
1666 2828 1951 2882 predictorum
1982 2828 2102 2870 villa-

158 2932 309 2960 norum
329 2916 529 2959 duximus
550 2915 953 2971 exemplificandum
973 2930 1048 2971 per
1067 2921 1296 2971 presentes.
