2912 4368
440 588 551 630 1734

382 796 572 852 plenarie
593 795 939 851 complendorum
960 792 1176 835 reddendo
1204 792 1305 833 inde
1336 791 1573 843 annuatim,
1596 794 1688 844 etc,
1710 807 1786 848 pro
1807 792 1995 848 predicto
2016 792 2261 834 molendino
2290 794 2333 833 et

382 887 507 929 terris
546 886 746 942 predictis
785 892 915 927 XLVI*
947 883 1064 926 VIIJd·
1111 882 1417 937 sterlingorum
1457 882 1677 925 solvendos
1724 884 1778 924 ad
1819 883 1947 925 festos
1992 882 2335 925 annunciationis

382 977 505 1020 beate
539 978 699 1019 MARIE
732 977 910 1033 virginis
943 979 985 1017 et
1024 974 1171 1017 Sancti
1207 973 1481 1024 Mmfflfflms,
1511 976 1605 1024 etc.,
1634 979 1676 1014 et
1707 988 1783 1028 pro
1816 973 2005 1028 predicta
2032 974 2158 1015 firma
2186 973 2340 1015 tolneti

382 1075 559 1110 xxxnfl·
583 1072 624 1111 et
656 1067 761 1111 HUd.
785 1068 839 1109 ad
866 1050 1025 1108 festum
1057 1064 1202 1107 Sancti
1231 1063 1490 1105 Mmfflssms
1511 1065 1693 1104 tantum.
1755 1062 1815 1105 Et
1845 1064 2062 1118 predictus
2091 1064 2120 1107 J
2124 1078 2333 1105 OHANNES

385 1161 622 1216 predictum
642 1158 936 1200 molendinum
956 1170 1052 1198 cum
1073 1154 1268 1197 omnibus
1295 1153 1539 1210 gurgitibus
1570 1154 1709 1195 eidem
1738 1154 1983 1196 molendino
2016 1153 2328 1210 pertinentibus

383 1254 426 1293 et
471 1251 614 1292 omnia
658 1249 741 1291 alia
782 1263 863 1303 que
904 1248 957 1289 ad
998 1246 1161 1288 dictum
1202 1245 1496 1287 molendinum
1537 1245 1753 1299 pertinent
1794 1244 1901 1287 bene
1951 1247 1994 1287 et
2049 1247 2335 1299 competenter

385 1341 598 1383 edificabit
646 1339 858 1394 reparavit
903 1338 989 1393 (sic)
1044 1342 1086 1379 et
1124 1340 1339 1378 susteneat
1369 1351 1416 1377 ac
1452 1338 1727 1377 manuteneat
1759 1335 1999 1391 sumptibus
2031 1335 2116 1377 suis
2158 1334 2339 1390 propriis

383 1438 425 1474 et
491 1431 685 1487 expensis
749 1431 931 1471 durante
992 1428 1173 1470 termino
1238 1427 1440 1482 predicto,
1504 1430 1679 1481 excepto
1739 1426 1853 1480 quod
1907 1426 2045 1468 dictus
2100 1426 2128 1468 J
2132 1439 2340 1468 OHANNES

383 1522 555 1565 habebit
577 1523 629 1564 de
650 1521 771 1564 nobis
792 1524 834 1562 et
855 1519 1080 1562 heredibus
1101 1518 1254 1560 nostris
1286 1532 1479 1574 grossum
1510 1517 1759 1559 meremium
1791 1531 1865 1572 pro
1896 1517 2205 1559 sustentacione
2231 1517 2334 1559 dicti

384 1614 619 1656 molendini
646 1627 828 1655 unacum
852 1611 985 1668 virgis
1013 1611 1171 1652 vocatis
1206 1609 1484 1652 WmmNGEs
1521 1611 1561 1650 et
1599 1608 1725 1664 pollis
1761 1622 1835 1663 pro
1872 1608 1910 1649 le
1937 1622 2066 1650 weres
2098 1608 2142 1648 in
2175 1608 2342 1650 forestis

384 1706 537 1748 nostris
557 1720 632 1760 per
652 1704 791 1746 visum
819 1706 861 1745 et
892 1701 1191 1744 liberacionem
1218 1700 1551 1742 {forestariorum
1584 1702 1825 1741 nostrorum
1855 1698 2014 1740 ibidem
2044 1713 2119 1753 pro
2151 1702 2340 1754 tempore

386 1797 660 1839 existentium
682 1798 724 1837 et
745 1795 802 1837 sic
824 1793 1039 1849 prefatum
1066 1792 1363 1834 molendinum
1390 1806 1486 1832 cum
1509 1790 1705 1832 omnibus
1727 1790 1811 1831 suis
1832 1789 2106 1845 pertinenciis
2128 1790 2340 1845 predictus

387 1888 627 1931 JOHANNES
659 1887 704 1928 in
740 1886 824 1927 fine
858 1884 1031 1926 termini
1065 1883 1130 1925 sui
1165 1883 1343 1938 predicti
1377 1916 1384 1923 .
1421 1916 1428 1923 .
1465 1915 1472 1923 .
1510 1916 1516 1923 .
1551 1884 1593 1923 et
1626 1884 1919 1936 computenter
1957 1881 2042 1934 (sie)
2083 1881 2339 1932 edificatum,

387 1981 687 2029 sustentatum,
710 1980 752 2019 et
772 1978 1015 2031 reparatum
1037 1974 1246 2016 demittet.
1308 1973 1483 2015 Proviso
1506 1987 1669 2027 semper
1691 1972 1803 2027 quod
1825 1972 1859 2013 si
1881 1972 2105 2027 contingat
2126 1972 2342 2014 redditum

387 2070 623 2126 predictum
657 2070 794 2110 aretro
835 2067 925 2108 fore
965 2066 1010 2107 in
1053 2069 1172 2121 parte
1208 2065 1274 2107 vel
1311 2065 1355 2106 in
1392 2068 1482 2106 toto
1523 2080 1596 2119 per
1630 2078 1700 2105 sex
1745 2063 2002 2117 septimanas
2038 2068 2133 2117 post
2169 2063 2344 2117 aliquod

390 2162 621 2204 terminum
649 2160 887 2216 predictum
920 2173 1005 2200 non
1035 2157 1222 2199 solutum
1255 2156 1321 2198 vel
1355 2156 1388 2197 si
1416 2156 1655 2211 predictum
1690 2154 1987 2196 molendinum
2019 2169 2114 2196 cum
2147 2153 2344 2196 omnibus

391 2253 568 2309 prefatis
589 2252 674 2294 suis
699 2250 972 2306 pertinenciis
1001 2264 1087 2290 non
1115 2248 1168 2289 sit
1195 2247 1419 2289 annuatim
1445 2246 1552 2288 bene
1581 2250 1624 2288 et
1648 2248 1946 2300 computentur
1981 2246 2067 2299 (stc)
2100 2245 2344 2287 edificatum

395 2346 679 2387 sustentatum
713 2346 755 2383 et
788 2344 1044 2397 reparatum,
1068 2340 1181 2395 quod
1215 2342 1369 2380 extunc
1402 2337 1545 2379 licebit
1575 2337 1696 2379 nobis
1726 2337 1891 2392 prefato
1920 2337 2017 2378 duci
2049 2340 2090 2377 et
2120 2336 2346 2378 heredibus

395 2436 550 2479 nostris
585 2434 630 2476 in
671 2433 859 2489 predicto
895 2432 1139 2474 molendino
1182 2446 1277 2472 cum
1319 2430 1515 2471 omnibus
1551 2430 1637 2471 suis
1672 2429 1944 2484 pertinenciis
1980 2429 2186 2470 reintrare
2222 2432 2264 2470 et
2300 2428 2345 2470 in

400 2528 628 2584 pristinum
669 2523 875 2580 statu[m]
920 2523 1115 2573 retinere,
1157 2522 1239 2563 hiis
1280 2521 1412 2563 literis
1453 2521 1607 2563 nostris
1648 2520 1892 2576 patentibus
1932 2534 2017 2561 non
2068 2519 2345 2561 obstantibus.

401 2620 456 2662 ln
479 2619 609 2674 cujus,
630 2622 706 2659 etc.

459 2712 636 2761 Datum,
659 2712 751 2760 etc,
775 2711 902 2748 xxUO·
926 2706 993 2747 die
1016 2704 1239 2747 Februarii
1261 2719 1373 2745 anno
1394 2703 1516 2759 regni
1538 2703 1672 2758 Regis
1694 2702 1897 2744 Hfflmffl
1923 2716 2005 2745 vm.
2031 2702 2224 2743 secundo.

465 2802 757 2844 Endorsed—‘
774 2799 802 2842 J
806 2813 937 2854 asper,
961 2797 1088 2838 Duke
1111 2796 1155 2838 of
1177 2795 1382 2846 Bedford,
1404 2810 1449 2836 as
1469 2798 1512 2836 to
1534 2793 1724 2849 Kenfig.’

1209 2888 1256 2921 (1)
1302 2885 1460 2914 Scituant.
1485 2884 1552 2913 MS.

833 2946 880 2981 (2)
926 2942 1087 2980 *Pipideff
1105 2942 1130 2970 is
1146 2943 1195 2970 for
1211 2942 1265 2970 the
1283 2942 1420 2970 familiar
1437 2940 1656 2978 *piepowder‘
1673 2942 1704 2969 of
1728 2940 1855 2969 ancient,
1872 2940 1941 2968 law.
