2362 3392
2007 238 2116 279 1885

226 442 449 484 senescallo
480 446 623 484 nostro
655 441 841 484 Gowmz’
875 457 949 484 seu
979 443 1073 498 ejus
1103 443 1416 485 locumtenente
1445 444 1500 485 ad
1535 444 1784 486 comitatum
1826 447 2018 486 nostrum
2057 445 2171 499 apud

224 532 470 575 SEWENSEY
500 532 650 588 quinto
682 533 751 575 die
793 532 987 576 Octobris
1030 534 1221 590 proxime
1263 534 1401 576 futuri
1442 535 1497 577 ad
1539 534 1903 576 warantizandum
1945 534 2170 577 Pmmppo

221 623 488 666 MAWNCELL
510 626 553 665 et
568 623 597 665 J
600 638 778 665 OHANNI
803 623 1044 666 ORADOCKE
1066 625 1255 667 maneria
1276 626 1328 667 de
1350 625 1582 677 OxwchE,
1607 625 1819 676 PENRffls,
1838 625 2168 677 NICHOLASTON,

223 713 509 765 PORTEYNON,
532 716 575 755 et
596 713 788 756 HORTON
812 729 908 756 eum
929 715 1197 770 pertinentiis
1217 716 1403 771 exeeptis
1443 717 1552 770 (ete,
1575 731 1620 757 as
1641 716 1788 771 above)
1813 719 1943 767 tenet,
1966 731 2013 758 ae
2034 716 2171 771 prima

221 808 264 847 et
283 805 477 859 proxima
498 805 774 847 advocatione
796 806 1026 848 donatione
1048 807 1134 848 sive
1155 807 1471 862 presentaeione
1492 807 1759 848 ecelesiarum
1792 807 1844 848 de
1876 806 2098 849 OXWICHE
2130 812 2171 849 et

221 894 539 938 NICHOLAs‘roN
561 910 643 950 que
673 895 702 937 J
705 910 915 937 OHANNES
947 895 1246 938 TURBERVILE
1282 897 1329 938 in
1365 897 1480 939 ouria
1515 900 1660 939 nostra
1690 912 1829 939 eoram
1858 897 2171 939 locumtenente

221 986 437 1028 senescalli
484 985 670 1028 GOWER'
703 1001 846 1029 versus
876 987 988 1043 ipsos
1019 987 1286 1029 PH1L1PPUM
1317 991 1359 1029 et
1389 987 1645 1030 JOHANNEM
1680 988 1921 1029 CRADOOKE
1953 993 2002 1029 ut
2031 988 2102 1044 jus
2132 996 2173 1030 et

221 1077 500 1119 hereditatem
521 1091 641 1118 suam
662 1092 737 1132 per
760 1078 884 1119 breve
900 1082 1093 1120 nostrum
1114 1079 1166 1120 de
1182 1077 1377 1133 ingressu
1399 1093 1524 1132 super
1545 1078 1808 1120 disseisinam
1824 1080 1870 1120 in
1890 1079 1930 1120 le
1946 1082 2051 1134 post.
2115 1079 2175 1121 Et

222 1169 335 1209 unde
356 1168 486 1210 iidem
506 1167 759 1210 Pfflmpptrs
782 1172 824 1210 et
844 1168 873 1211 J
877 1183 1085 1210 OHANNES
1108 1167 1346 1210 CRADOCKE
1375 1169 1421 1209 in
1451 1169 1599 1210 eadem
1627 1169 1743 1210 ouria
1775 1175 1927 1211 voeant
1959 1170 2174 1224 prefatum

881 1227 905 1244 ὓ

223 1258 384 1301 RESUM
406 1258 672 1300 MAWNCELL
695 1259 1004 1302 summonitum
1023 1259 1069 1301 in
1103 1259 1306 1301 comitatu
1331 1259 1518 1313 predicto
1552 1260 1606 1300 ad
1636 1259 1998 1301 warantizandum
2033 1276 2173 1302 versus

223 1365 305 1392 eos.
368 1349 428 1391 Et
449 1349 603 1392 habeas
624 1350 686 1392 ibi
707 1350 1057 1392 summonitiones
1078 1354 1120 1391 et
1141 1349 1219 1391 hoo
1240 1349 1377 1392 breve.
1441 1349 1566 1392 Teste
1587 1351 1745 1405 meipso
1780 1352 1894 1406 apud
1927 1350 2174 1393 SEWENSEY

223 1441 384 1483 deoimo
436 1441 504 1482 die
556 1441 817 1496 Septembris
870 1455 982 1482 anno
1022 1442 1144 1496 regni
1187 1441 1320 1496 Regis
1356 1440 1561 1482 HENRmI
1604 1442 1741 1483 octavi
1795 1442 1989 1483 vicesimo
2044 1447 2171 1485 sexto.

232 1531 339 1587 [Ap.
377 1530 533 1587 1534]

281 1622 547 1676 Responsum
573 1621 722 1663 DAVID
750 1622 1019 1664 MAUNCELL'
1043 1623 1300 1664 coronatoris
1332 1622 1516 1674 GOWER,
1540 1623 1646 1665 sum'
1677 1623 1920 1665 JOHANNEs
1942 1625 2102 1666 DUNSE
2135 1630 2175 1666 et

223 1713 453 1755 RICARDUS
473 1712 704 1755 KNAYTHE
729 1746 737 1754 .
762 1714 817 1754 ad
838 1727 966 1768 quam
988 1714 1101 1755 diem
1122 1713 1240 1755 venit
1261 1720 1350 1755 tam
1371 1714 1587 1769 predictus
1608 1714 1636 1755 J
1640 1729 1850 1756 OHANNES
1872 1714 2175 1757 TWRBERVILE

221 1819 349 1859 quam
384 1804 596 1859 predictus
629 1803 882 1846 Pmmppns
914 1804 1181 1846 MAWNCELL
1212 1810 1254 1846 et
1284 1804 1526 1846 JOHANNES
1559 1805 1811 1848 CRADOCKE.
1874 1805 1934 1847 Et
1964 1807 2177 1861 predictus

219 1894 311 1937 RES
361 1893 630 1936 MAWNCELL
671 1895 793 1937 miles
833 1895 1117 1937 summonitus
1158 1910 1232 1950 per
1271 1895 1539 1938 Prummu-M
1591 1895 1861 1938 GRYFFITHE
1902 1902 2166 1939 attornatum

221 2001 344 2028 suum
373 1986 566 2028 similiter
595 1987 712 2028 venit
744 1991 787 2028 et
820 1987 1007 2042 gratuite
1027 1987 1217 2029 maneria
1244 1988 1433 2042 predicta
1453 2003 1549 2029 oum
1570 1988 1851 2042 pertinentiis,
1874 1990 2059 2043 exeeptis
2081 2004 2173 2044 pre-

218 2078 416 2133 exeeptis,
438 2077 614 2133 prefatis
650 2077 878 2120 Pfflmppo
916 2087 958 2120 et
994 2078 1022 2121 J
1026 2093 1203 2120 OHANNI
1239 2078 1479 2120 ORADOCKE
1516 2079 1776 2120 warantizat.
1839 2079 1898 2120 Et
1935 2094 2059 2134 super
2096 2080 2173 2122 hoe

218 2168 431 2223 predictus
472 2168 713 2211 JOHANNES
757 2168 1069 2211 TWRBERVILE
1100 2170 1209 2225 petit
1250 2185 1391 2212 versus
1431 2170 1571 2225 ipsum
1613 2169 1796 2212 REsmM
1842 2174 2058 2212 tenentem
2099 2186 2174 2226 per

220 2259 470 2301 warantiam
499 2274 619 2301 suam
649 2260 839 2301 maneria
870 2261 922 2302 de
954 2260 1176 2302 OXWICHE
1210 2260 1527 2303 NICHOLASTON
1570 2260 1771 2303 PENREIS
1813 2261 2086 2303 PORTEYNON
2129 2271 2170 2304 et

220 2349 412 2392 HORTON
442 2365 537 2392 eum
569 2350 848 2405 pertinentiis,
872 2352 1055 2406 exeeptis
1076 2352 1336 2407 preexeeptis
1356 2352 1402 2393 in
1424 2351 1564 2394 forma
1585 2353 1788 2408 predicta.
1850 2352 1910 2394 Et
1930 2354 2045 2395 unde
2066 2353 2168 2395 dioit

219 2442 333 2496 quod
362 2441 539 2496 ipsemet
569 2441 655 2483 fuit
685 2443 850 2484 seisitus
880 2444 931 2484 de
962 2443 1162 2484 maneriis
1192 2443 1391 2498 predictis
1422 2458 1517 2485 eum
1549 2444 1829 2499 pertinentiis,
1859 2445 2045 2499 exeeptis
2074 2460 2167 2500 pre-

217 2532 413 2587 exeepffis,
445 2533 491 2574 in
526 2533 736 2575 dominico
777 2548 851 2575 suo
892 2537 940 2574 ut
980 2534 1031 2575 de
1068 2534 1191 2576 feodo
1222 2541 1264 2576 et
1294 2534 1390 2590 jure
1422 2539 1609 2589 tempore
1640 2535 1753 2589 paeis
1783 2540 1971 2589 tempore
2002 2535 2164 2576 domini

218 2622 352 2678 Regis
371 2637 484 2665 nuno
505 2623 708 2678 capiendo
728 2624 828 2666 inde
849 2625 1059 2680 expleoias
1079 2626 1132 2666 ad
1153 2624 1401 2677 valeneiam,
1418 2630 1461 2667 et
1481 2631 1629 2667 cetera.
1691 2625 1751 2667 Et
1771 2625 1817 2667 in
1839 2640 1932 2680 que,
1956 2630 1998 2667 et
2018 2630 2166 2668 cetera.

218 2713 279 2755 Et
299 2714 399 2756 inde
419 2714 612 2769 producit
635 2718 794 2757 seetam
826 2749 834 2758 .
869 2715 930 2757 Et
949 2715 1163 2770 predictus
1184 2715 1350 2758 Rsssms
1372 2716 1639 2758 MAWNCELL
1659 2719 1809 2758 tenens
1830 2730 1903 2771 per
1918 2716 2169 2758 warantiam

217 2819 337 2847 suam
364 2805 481 2847 venit
505 2808 548 2847 et
575 2805 768 2848 defendit
794 2806 866 2861 jus
896 2822 1021 2849 suum
1051 2809 1234 2863 quando,
1264 2812 1306 2850 et
1337 2812 1486 2850 eetera.
1549 2807 1608 2849 Et
1639 2808 1814 2849 ulterius
1837 2813 1956 2849 vooat
1981 2807 2081 2849 inde
2111 2809 2165 2850 ad

216 2896 467 2937 warantiam
495 2895 748 2938 ROBERTUM
769 2897 799 2940 J
802 2911 893 2939 AYN
915 2898 1032 2940 DWY
1054 2898 1128 2953 qui
1149 2902 1212 2941 est
1232 2913 1402 2954 presens
1422 2898 1490 2940 hie
1510 2898 1556 2940 in
1578 2898 1693 2940 ouria
1713 2897 1759 2938 in
1788 2897 1959 2953 propria
1990 2912 2168 2952 persona

213 3001 289 3028 sua
321 3021 329 3029 .
363 2986 424 3028 Et
463 2988 648 3042 gratuite
690 2989 879 3030 maneria
918 2990 1108 3044 predicta
1143 3004 1240 3032 oum
1275 2990 1554 3045 pertinentiis,
1592 2989 1778 3044 exeeptis
1814 2989 2087 3043 preexoeptis,
2125 2988 2163 3031 ei
