2362 3392
1935 162 2047 204 1713

156 363 534 407 consuetudinibus
555 364 608 407 ab
633 365 810 420 antiquo
838 365 1013 422 agitatis
1040 369 1089 408 ut
1119 366 1165 408 in
1196 367 1320 409 dictis
1350 366 1484 409 literis
1513 366 1759 422 patentibus
1791 367 1895 410 dicti
1926 367 2106 411 Domini

156 453 289 496 nostri
331 454 465 510 Regis
504 454 673 509 plenius
713 455 968 498 continetur.
1051 456 1144 498 Nos
1182 457 1318 513 igitur
1357 456 1671 499 considerantes
1703 457 1956 500 fidelitatem
1991 459 2106 513 quod

155 544 311 600 prefati
339 544 571 601 burgenses
599 550 641 587 et
668 545 957 589 inhabitantes
988 562 1090 603 erga
1120 563 1196 589 nos
1227 553 1268 589 et
1301 550 1581 590 antecessores
1606 550 1771 590 nostros
1789 547 2032 591 habuerunt
2062 552 2105 591 et

155 635 315 678 habent
335 638 377 677 et
397 635 443 677 in
464 636 611 678 futuro
633 651 735 693 erga
756 651 832 679 nos
852 637 1026 679 heredes
1047 640 1090 680 et
1110 653 1362 680 successores
1382 640 1548 680 nostros
1572 637 1792 681 habebunt
1819 639 2104 681 concessiones

155 726 455 768 ratificationes
486 729 529 768 et
559 726 903 770 confirmaciones
933 729 1123 770 omnium
1156 733 1198 770 et
1229 729 1497 785 singularum
1530 729 1866 771 franchesiarum
1901 732 1945 772 et
1979 729 2104 772 liber-

154 820 293 859 tatum
314 818 360 859 in
381 818 507 859 eartis
527 820 570 859 et
590 818 725 860 literis
746 818 908 860 domini
929 819 1063 861 nostri
1085 820 1218 875 Regis
1246 819 1423 875 predicti
1451 822 1493 862 et
1524 823 1832 863 antecessorum
1863 824 2104 863 nostrorum

154 908 350 950 videlicet
371 908 585 950 Hnooms
605 909 644 951 le
666 908 874 951 SPENCER
895 909 1061 952 THOME
1082 911 1122 952 le
1144 909 1350 952 SPENCER
1377 909 1599 952 ISABELLE
1628 911 1836 953 comitisse
1853 910 2104 954 WIGORNIE

153 1003 194 1041 et
217 998 412 1040 RmARm
435 998 618 1041 NEvlLL
640 1000 817 1041 donatas
839 1003 881 1042 et
902 1002 1170 1043 confirmatas
1186 1003 1238 1043 de
1255 1001 1426 1057 speciali
1442 1002 1582 1057 gratia
1601 1005 1746 1044 nostra
1765 1005 1879 1044 ratas
1899 1002 2105 1045 habentes

153 1092 195 1132 et
215 1092 359 1146 gratas
381 1105 450 1132 eas
470 1105 546 1145 pro
571 1089 692 1132 nobis
720 1090 946 1133 heredibus
973 1095 1015 1133 et
1046 1091 1348 1134 successoribus
1377 1092 1531 1134 nostris
1560 1095 1771 1148 quantum
1802 1093 1849 1134 in
1884 1093 2005 1135 nobis
2040 1095 2103 1135 est

153 1183 419 1236 acceptamus
449 1180 732 1236 approbamus
766 1181 1025 1223 ratificamus
1066 1185 1107 1224 et
1149 1183 1446 1227 confirmamus
1486 1199 1534 1226 eo
1575 1185 1689 1239 quod
1729 1183 1831 1225 dicti
1871 1183 2104 1240 burgenses

154 1275 196 1313 et
216 1272 505 1314 inhabitantes
524 1272 569 1313 in
591 1272 748 1314 futuris
773 1272 1048 1314 electionibus
1075 1272 1331 1316 ballivorum
1362 1275 1472 1317 dicte
1503 1275 1604 1316 ville
1634 1277 1776 1316 nostre
1811 1275 1864 1316 de
1901 1274 2104 1316 CARDIFF

153 1378 229 1418 pro
249 1362 360 1405 bono
380 1362 588 1419 regimine
608 1362 769 1404 ibidem
788 1363 1066 1418 imposterum
1094 1364 1389 1420 eligendorum
1414 1368 1457 1407 et
1484 1366 1833 1408 assumendorum
1862 1365 2026 1421 eligant
2058 1366 2104 1407 in

152 1452 332 1495 ballivos
352 1455 404 1494 de
427 1453 731 1496 valentioribus
751 1454 1061 1509 potentioribus
1082 1458 1125 1497 et
1146 1455 1390 1498 melioribus
1410 1456 1599 1512 personis
1619 1456 1720 1498 ville
1740 1459 1881 1498 nostre
1902 1457 2102 1513 predicte.

153 1543 213 1586 Et
230 1544 408 1585 ulterius
425 1545 480 1585 ad
500 1543 753 1585 instanciam
775 1549 816 1585 et
838 1545 1009 1600 speciali
1029 1546 1302 1601 requisitione
1321 1546 1530 1589 dictorum
1550 1546 1805 1589 ballivorum
1825 1546 2104 1603 burgensium

152 1637 194 1676 et
214 1634 550 1676 inhabitantium
571 1634 672 1676 ville
693 1637 835 1676 nostre
854 1635 1041 1690 predicte
1063 1637 1115 1678 de
1136 1637 1276 1692 gratia
1296 1641 1440 1679 nostra
1460 1637 1727 1680 concedimus
1746 1637 1905 1680 eisdem
1934 1637 2104 1680 ballivis

151 1725 225 1781 qui
261 1740 375 1767 nunc
408 1728 509 1767 sunt
543 1728 585 1767 et
617 1725 691 1780 qui
727 1725 884 1768 futun's
914 1726 1177 1782 temporibus
1209 1729 1334 1769 erunt
1368 1731 1417 1769 ut
1452 1728 1683 1783 predicitur
1719 1727 1877 1785 [quod]
1916 1729 2104 1772 habeant

151 1818 403 1871 potestatem
424 1815 653 1857 ordinandi
673 1819 715 1858 et
736 1817 953 1858 statuendi
980 1817 1116 1859 curias
1135 1818 1299 1874 regales
1320 1821 1362 1860 et
1388 1818 1612 1861 hundreda
1641 1818 1710 1861 die
1730 1819 1760 1861 J
1763 1819 1855 1861 ovis
1882 1821 2099 1862 tenendas.

151 1907 350 1949 Preterea
378 1906 646 1949 concedimus
682 1906 806 1948 dictis
841 1906 1011 1950 ballivis
1046 1907 1330 1964 burgensibus
1364 1912 1407 1951 et
1443 1909 1784 1952 inhabitantibus
1819 1910 1919 1953 ville
1958 1914 2100 1954 nostre

151 1998 337 2053 predicte
359 1997 655 2039 auctoritatem
673 2000 715 2039 et
735 2000 988 2053 potestatem
1005 1999 1254 2041 nominandi
1272 2003 1313 2041 et
1335 2000 1523 2056 eligendi
1542 2001 1587 2042 in
1604 2000 1694 2043 loco
1711 2001 1838 2043 unius
1853 2001 2000 2045 ballivi
2021 2004 2100 2046 im-

150 2091 365 2144 posterum
395 2090 444 2129 ut
473 2087 685 2142 prefertur
706 2087 827 2129 electi
848 2089 1120 2144 corporaliter
1139 2089 1254 2131 intra
1274 2090 1341 2132 vel
1362 2093 1481 2132 extra
1501 2091 1648 2133 villam
1669 2095 1858 2134 nostram
1879 2093 1949 2135 vel
1969 2108 1994 2135 a
2017 2127 2025 2135 .
2051 2127 2060 2136 .
2086 2127 2094 2135 .

149 2181 216 2221 vel
245 2180 390 2220 futuro
420 2182 463 2220 et
492 2194 567 2234 pro
598 2181 787 2234 tempore
819 2178 1105 2222 substituendi
1134 2195 1270 2222 unum
1307 2181 1359 2222 de
1391 2184 1573 2236 quatuor
1602 2183 1824 2238 prepositis
1854 2184 1965 2226 dicte
1996 2185 2097 2227 ville

144 2273 287 2313 nostre
317 2269 460 2311 electis
490 2270 545 2310 ad
566 2270 858 2324 occupandum
879 2273 921 2312 et
941 2272 1224 2313 exercendum
1245 2286 1391 2314 omnes
1412 2273 1600 2314 acciones
1620 2277 1663 2315 et
1683 2274 1915 2317 demandas
1935 2291 2018 2331 que
2039 2277 2093 2319 ad

145 2364 306 2406 curiam
326 2364 543 2420 pertinent
563 2363 796 2404 secundum
817 2362 957 2417 legem
977 2363 1021 2404 et
1046 2362 1394 2404 consuetudinem
1420 2363 1521 2405 ville
1551 2366 1692 2406 nostre
1722 2365 1935 2408 antedicte
1965 2366 2092 2409 salvis

148 2458 302 2501 nostris
322 2453 658 2498 amerciamentis
678 2456 721 2496 et
740 2453 835 2495 aliis
854 2453 910 2495 ad
929 2468 1006 2495 nos
1025 2453 1121 2509 jure
1141 2453 1210 2496 vel
1237 2454 1362 2496 modo
1393 2469 1645 2511 quocunque
1673 2455 1972 2510 spectantibus.
2034 2457 2091 2500 In

148 2548 270 2605 cujus
290 2547 352 2589 rei
372 2544 664 2588 testimonium
684 2543 761 2586 has
781 2544 926 2585 literas
946 2546 1110 2586 nostras
1130 2544 1222 2586 fieri
1241 2544 1420 2587 fecimus
1439 2548 1645 2601 patentes.

201 2638 365 2680 Datum
405 2635 603 2677 vicesimo
643 2634 711 2676 die
752 2633 1011 2690 Septembris
1058 2649 1171 2677 anno
1217 2635 1341 2691 regni
1390 2635 1493 2678 dicti
1542 2636 1720 2679 Domini
1769 2637 1902 2679 nostri
1952 2637 2086 2694 Regis

144 2730 366 2773 EDWARDI
388 2727 530 2783 quarti
552 2725 714 2767 decimo
736 2724 926 2780 septimo.

210 2821 267 2849 See
287 2819 344 2848 the
364 2816 563 2854 conjectura]
584 2815 681 2844 Latin
695 2815 891 2844 translation
907 2815 999 2844 made
1014 2815 1057 2853 by
1072 2815 1133 2844 Mr.
1149 2815 1324 2846 Matthews
1339 2817 1423 2846 from
1438 2826 1479 2846 an
1494 2817 1631 2855 English
1647 2818 1773 2848 version
1789 2819 1823 2848 of
1844 2819 1909 2848 this
1927 2819 2069 2854 Gharter,

157 2875 284 2914 Cardzff
298 2873 442 2911 Recmds,
457 2872 531 2902 Vol.
547 2872 584 2909 L,
600 2881 630 2908 p.
646 2872 693 2900 44.

343 3054 406 3088 91³
