2362 3392
1864 258 1973 299 2031

71 469 126 510 ad
170 482 345 524 parcum
387 468 453 510 vel
495 482 760 510 warrennam
800 466 985 523 pertinet
1025 465 1114 508 sine
1155 465 1331 508 licencia
1377 467 1420 506 et
1459 465 1680 506 voluntate
1720 464 1853 519 ipsius
1895 463 2027 505 Etcffl

74 557 354 601 MAUNXELL’
378 558 446 601 vel
474 557 682 600 heredum
712 572 884 600 suorum
914 572 1040 613 super
1071 556 1387 599 forisfacturam
1419 557 1608 597 nostram
1641 554 1785 596 decem
1820 553 2025 596 librarum

68 650 318 691 dumtamen
356 649 546 691 maneria
585 647 698 691 bosci
738 651 848 690 terre
883 650 926 690 et
964 662 1073 703 aque
1113 647 1178 689 1111
1210 662 1298 689 11011
1339 649 1438 688 sunt
1472 644 1587 687 infra
1621 648 1755 687 metas
1788 647 1830 687 et
1863 644 2022 686 bondas

67 739 246 793 alicujus
271 738 426 781 foreste
454 739 541 781 sive
566 739 712 781 chasee
736 740 890 780 nostre.
954 737 1097 784 Quare
1127 737 1324 780 volumus
1347 739 1388 778 et
1416 735 1595 778 firmiter
1623 735 1880 791 precipimus
1906 736 2020 789 quod

69 829 183 872 idem
215 829 385 872 Rmus
414 832 457 872 et
487 829 661 872 heredes
692 829 758 871 sui
786 828 972 871 habeant
1003 831 1045 870 et
1076 830 1251 870 teneant
1282 827 1337 869 ad
1357 826 1530 869 libitum
1551 829 1592 868 et
1614 826 1880 867 voluntatem
1901 840 2021 867 suam

68 935 243 975 parcum
264 923 307 962 et
322 934 588 962 warrennam
603 919 824 974 predictos.
885 918 958 961 Ita
978 918 1092 974 quod
1108 917 1253 959 nullus
1273 915 1405 959 intret
1420 917 1466 959 in
1482 932 1654 973 parcum
1672 917 1740 958 vel
1756 931 2021 958 warrennam

69 1010 164 1052 illos
195 1011 250 1052 ad
280 1010 522 1066 fugandum
553 1013 628 1052 aut
664 1011 909 1052 venandum
943 1010 990 1051 in
1021 1009 1081 1051 eis
1115 1009 1181 1050 vel
1210 1008 1373 1063 aliquid
1403 1008 1502 1050 inde
1537 1007 1790 1063 capiendum
1821 1008 1935 1062 quod
1966 1008 2020 1048 ad

68 1116 243 1157 parcum
272 1101 338 1143 vel
373 1116 635 1143 warrennam
666 1100 878 1157 pertineat
906 1100 996 1142 sine
1021 1099 1196 1141 licencia
1225 1098 1357 1154 ipsius
1379 1098 1512 1141 Rmm
1536 1099 1601 1140 vel
1622 1098 1826 1140 heredum
1848 1113 2017 1139 suorum

69 1191 146 1234 sub
177 1191 447 1234 forisfactura
477 1195 622 1234 nostra
657 1192 801 1234 decem
837 1191 1044 1234 librarum
1084 1194 1131 1232 ut
1162 1189 1401 1245 predictum
1437 1192 1512 1231 est.
1574 1188 1641 1231 Eo
1672 1189 1786 1244 quod
1826 1204 2019 1244 expressa

68 1282 230 1325 mencio
262 1284 314 1325 de
344 1297 443 1325 vero
464 1283 606 1325 valore
627 1297 769 1325 annuo
791 1286 866 1324 aut
886 1283 939 1324 de
963 1281 1216 1323 certitudine
1240 1280 1540 1336 premissorum
1562 1280 1648 1322 sive
1670 1279 1853 1335 alicujus
1874 1295 2018 1321 eorum

69 1376 144 1415 aut
164 1374 215 1416 de
236 1374 330 1415 aliis
350 1374 472 1416 donis
493 1374 580 1416 sive
601 1373 937 1416 concessionibus
959 1373 1096 1415 eidem
1117 1372 1260 1414 RmEo
1282 1387 1355 1427 per
1375 1386 1451 1413 nos
1467 1374 1567 1413 ante
1587 1370 1664 1413 1166
1684 1375 1875 1427 tempora
1896 1370 2020 1412 factis

68 1464 114 1506 in
145 1463 411 1520 presentibus
449 1464 625 1506 minime
664 1463 779 1506 facta
819 1463 965 1505 existit
1005 1466 1079 1504 aut
1119 1462 1263 1517 aliquo
1304 1464 1464 1504 statuto
1505 1464 1603 1504 actu
1636 1461 1905 1503 ordinacione
1934 1461 2020 1503 sive

72 1554 311 1609 provisione
345 1554 653 1597 incontrarium
687 1554 801 1597 facto
833 1553 947 1596 edito
980 1553 1067 1595 sive
1107 1552 1273 1608 proviso
1313 1567 1399 1595 non
1441 1551 1647 1595 obstante.
1710 1550 1765 1594 In
1801 1552 1922 1607 cujus
1961 1552 2021 1593 rei

69 1644 361 1688 testimonium
381 1644 457 1687 has
478 1644 643 1686 litteras
663 1647 827 1686 nostras
848 1644 938 1686 fieri
958 1643 1137 1686 fecimus
1157 1646 1363 1699 patentes.
1425 1642 1624 1685 Testibus
1646 1642 1767 1685 nobis
1788 1642 1889 1698 ipsis
1906 1643 2018 1697 apud

70 1734 532 1779 WESTMONASTERIUM
573 1738 724 1791 quarto
765 1735 833 1776 (116
874 1734 904 1777 J
907 1735 998 1776 unii
1039 1733 1163 1776 annis
1203 1748 1434 1790 regnorum
1476 1738 1717 1776 nostrorum
1772 1737 1922 1788 quarto
1978 1736 2020 1774 et

72 1825 237 1881 quinto.

127 1916 211 1959 Per
231 1916 356 1959 breve
377 1918 429 1959 de
451 1916 617 1972 privato
639 1916 795 1973 sigillo,
817 1922 893 1958 etc.

1587 1988 1670 2031 GR.
1715 1988 1958 2030 GORDELL’.

129 2099 444 2154 Fragmentary
465 2101 585 2155 great
607 2098 692 2140 5661
714 2098 759 2139 of
790 2097 959 2139 Pmmp
981 2098 1067 2139 and
1092 2097 1246 2146 MARY‚
1269 2096 1315 2138 in
1336 2095 1642 2152 bronze-green
1666 2111 1772 2147 wax,
1796 2096 2018 2151 appended

69 2188 128 2244 by
150 2205 174 2231 a
195 2204 326 2245 green
347 2189 433 2231 and
453 2188 582 2230 white
604 2188 805 2231 floss-silk
827 2189 938 2230 cord.

125 2279 418 2322 Endorsed——‘
433 2279 475 2322 A
497 2284 656 2335 graunt
678 2279 723 2321 of
743 2295 768 2320 a
788 2279 1011 2321 ffrewaren
1033 2283 1077 2320 to
1098 2278 1166 2320 Sir
1190 2278 1294 2320 Rice
1315 2277 1522 2329 Manxell,
1546 2277 1748 2334 Knight.’
